%YAML 1.1
%TAG !u! tag:unity3d.com,2011:
--- !u!29 &1
OcclusionCullingSettings:
  m_ObjectHideFlags: 0
  serializedVersion: 2
  m_OcclusionBakeSettings:
    smallestOccluder: 5
    smallestHole: 0.25
    backfaceThreshold: 100
  m_SceneGUID: 00000000000000000000000000000000
  m_OcclusionCullingData: {fileID: 0}
--- !u!104 &2
RenderSettings:
  m_ObjectHideFlags: 0
  serializedVersion: 8
  m_Fog: 0
  m_FogColor: {r: 0.5, g: 0.5, b: 0.5, a: 1}
  m_FogMode: 3
  m_FogDensity: 0.01
  m_LinearFogStart: 0
  m_LinearFogEnd: 300
  m_AmbientSkyColor: {r: 1, g: 0.900519, b: 0.6617647, a: 1}
  m_AmbientEquatorColor: {r: 0.114, g: 0.125, b: 0.133, a: 1}
  m_AmbientGroundColor: {r: 0.047, g: 0.043, b: 0.035, a: 1}
  m_AmbientIntensity: 1
  m_AmbientMode: 0
  m_SubtractiveShadowColor: {r: 0.42, g: 0.478, b: 0.627, a: 1}
  m_SkyboxMaterial: {fileID: 2100000, guid: fc3a49486ea3329469d3f5cc9ddc138c, type: 2}
  m_HaloStrength: 0.5
  m_FlareStrength: 1
  m_FlareFadeSpeed: 3
  m_HaloTexture: {fileID: 0}
  m_SpotCookie: {fileID: 10001, guid: 0000000000000000e000000000000000, type: 0}
  m_DefaultReflectionMode: 0
  m_DefaultReflectionResolution: 128
  m_ReflectionBounces: 1
  m_ReflectionIntensity: 1
  m_CustomReflection: {fileID: 0}
  m_Sun: {fileID: 1963883894}
  m_IndirectSpecularColor: {r: 0, g: 0, b: 0, a: 1}
--- !u!157 &3
LightmapSettings:
  m_ObjectHideFlags: 0
  serializedVersion: 9
  m_GIWorkflowMode: 1
  m_GISettings:
    serializedVersion: 2
    m_BounceScale: 1
    m_IndirectOutputScale: 1
    m_AlbedoBoost: 1
    m_TemporalCoherenceThreshold: 1
    m_EnvironmentLightingMode: 0
    m_EnableBakedLightmaps: 1
    m_EnableRealtimeLightmaps: 1
  m_LightmapEditorSettings:
    serializedVersion: 8
    m_Resolution: 2
    m_BakeResolution: 40
    m_TextureWidth: 1024
    m_TextureHeight: 1024
    m_AO: 0
    m_AOMaxDistance: 1
    m_CompAOExponent: 1
    m_CompAOExponentDirect: 0
    m_Padding: 2
    m_LightmapParameters: {fileID: 0}
    m_LightmapsBakeMode: 1
    m_TextureCompression: 1
    m_FinalGather: 0
    m_FinalGatherFiltering: 1
    m_FinalGatherRayCount: 256
    m_ReflectionCompression: 2
    m_MixedBakeMode: 3
    m_BakeBackend: 0
    m_PVRSampling: 1
    m_PVRDirectSampleCount: 32
    m_PVRSampleCount: 500
    m_PVRBounces: 2
    m_PVRFiltering: 0
    m_PVRFilteringMode: 1
    m_PVRCulling: 1
    m_PVRFilteringGaussRadiusDirect: 1
    m_PVRFilteringGaussRadiusIndirect: 5
    m_PVRFilteringGaussRadiusAO: 2
    m_PVRFilteringAtrousColorSigma: 1
    m_PVRFilteringAtrousNormalSigma: 1
    m_PVRFilteringAtrousPositionSigma: 1
  m_LightingDataAsset: {fileID: 0}
  m_ShadowMaskMode: 2
--- !u!196 &4
NavMeshSettings:
  serializedVersion: 2
  m_ObjectHideFlags: 0
  m_BuildSettings:
    serializedVersion: 2
    agentTypeID: 0
    agentRadius: 0.5
    agentHeight: 2
    agentSlope: 45
    agentClimb: 0.4
    ledgeDropHeight: 0
    maxJumpAcrossDistance: 0
    minRegionArea: 2
    manualCellSize: 0
    cellSize: 0.16666667
    manualTileSize: 0
    tileSize: 256
    accuratePlacement: 0
  m_NavMeshData: {fileID: 0}
--- !u!1 &105778919
GameObject:
  m_ObjectHideFlags: 0
  m_PrefabParentObject: {fileID: 1577130156293356, guid: 46fbef7ca33a0104287a2f6b3bd1d778,
    type: 2}
  m_PrefabInternal: {fileID: 0}
  serializedVersion: 5
  m_Component:
  - component: {fileID: 105778920}
  - component: {fileID: 105778924}
  - component: {fileID: 105778923}
  - component: {fileID: 105778922}
  - component: {fileID: 105778921}
  m_Layer: 1
  m_Name: Ally Waypoint
  m_TagString: Untagged
  m_Icon: {fileID: 0}
  m_NavMeshLayer: 0
  m_StaticEditorFlags: 4294967295
  m_IsActive: 1
--- !u!4 &105778920
Transform:
  m_ObjectHideFlags: 0
  m_PrefabParentObject: {fileID: 4306662478121434, guid: 46fbef7ca33a0104287a2f6b3bd1d778,
    type: 2}
  m_PrefabInternal: {fileID: 0}
  m_GameObject: {fileID: 105778919}
  m_LocalRotation: {x: -0, y: -0.0016740251, z: -0, w: 0.9999986}
  m_LocalPosition: {x: 0.7, y: -4.1900005, z: 93.97}
  m_LocalScale: {x: 0.9999999, y: 1, z: 0.9999999}
  m_Children: []
  m_Father: {fileID: 1066071053}
  m_RootOrder: 1
  m_LocalEulerAnglesHint: {x: 0, y: -0.192, z: 0}
--- !u!114 &105778921
MonoBehaviour:
  m_ObjectHideFlags: 0
  m_PrefabParentObject: {fileID: 114683416046775400, guid: 46fbef7ca33a0104287a2f6b3bd1d778,
    type: 2}
  m_PrefabInternal: {fileID: 0}
  m_GameObject: {fileID: 105778919}
  m_Enabled: 1
  m_EditorHideFlags: 0
  m_Script: {fileID: 11500000, guid: 5bbf51954c93ec444ac2b2dd1b00491d, type: 3}
  m_Name: 
  m_EditorClassIdentifier: 
  nextWaypoint: []
  previousWaypoint: []
--- !u!23 &105778922
MeshRenderer:
  m_ObjectHideFlags: 0
  m_PrefabParentObject: {fileID: 23931133038689160, guid: 46fbef7ca33a0104287a2f6b3bd1d778,
    type: 2}
  m_PrefabInternal: {fileID: 0}
  m_GameObject: {fileID: 105778919}
  m_Enabled: 1
  m_CastShadows: 1
  m_ReceiveShadows: 1
  m_MotionVectors: 1
  m_LightProbeUsage: 1
  m_ReflectionProbeUsage: 1
  m_Materials:
  - {fileID: 2100000, guid: bc08ec6622b1bd347be9734abf4ce1ad, type: 2}
  m_StaticBatchInfo:
    firstSubMesh: 0
    subMeshCount: 0
  m_StaticBatchRoot: {fileID: 0}
  m_ProbeAnchor: {fileID: 0}
  m_LightProbeVolumeOverride: {fileID: 0}
  m_ScaleInLightmap: 1
  m_PreserveUVs: 1
  m_IgnoreNormalsForChartDetection: 0
  m_ImportantGI: 0
  m_SelectedEditorRenderState: 3
  m_MinimumChartSize: 4
  m_AutoUVMaxDistance: 0.5
  m_AutoUVMaxAngle: 89
  m_LightmapParameters: {fileID: 0}
  m_SortingLayerID: 0
  m_SortingLayer: 0
  m_SortingOrder: 0
--- !u!65 &105778923
BoxCollider:
  m_ObjectHideFlags: 0
  m_PrefabParentObject: {fileID: 65246595097969734, guid: 46fbef7ca33a0104287a2f6b3bd1d778,
    type: 2}
  m_PrefabInternal: {fileID: 0}
  m_GameObject: {fileID: 105778919}
  m_Material: {fileID: 0}
  m_IsTrigger: 0
  m_Enabled: 1
  serializedVersion: 2
  m_Size: {x: 1, y: 1, z: 1}
  m_Center: {x: 0, y: 0, z: 0}
--- !u!33 &105778924
MeshFilter:
  m_ObjectHideFlags: 0
  m_PrefabParentObject: {fileID: 33897147128411238, guid: 46fbef7ca33a0104287a2f6b3bd1d778,
    type: 2}
  m_PrefabInternal: {fileID: 0}
  m_GameObject: {fileID: 105778919}
  m_Mesh: {fileID: 10202, guid: 0000000000000000e000000000000000, type: 0}
--- !u!1 &199089955
GameObject:
  m_ObjectHideFlags: 0
  m_PrefabParentObject: {fileID: 1370249295818818, guid: 0259f61cb02836e4fbedf96d1d5317b1,
    type: 2}
  m_PrefabInternal: {fileID: 0}
  serializedVersion: 5
  m_Component:
  - component: {fileID: 199089956}
  - component: {fileID: 199089960}
  - component: {fileID: 199089959}
  - component: {fileID: 199089958}
  - component: {fileID: 199089957}
  m_Layer: 1
  m_Name: Enemy Spawnpoint (5)
  m_TagString: Untagged
  m_Icon: {fileID: 0}
  m_NavMeshLayer: 0
  m_StaticEditorFlags: 0
  m_IsActive: 1
--- !u!4 &199089956
Transform:
  m_ObjectHideFlags: 0
  m_PrefabParentObject: {fileID: 4234646135362974, guid: 0259f61cb02836e4fbedf96d1d5317b1,
    type: 2}
  m_PrefabInternal: {fileID: 0}
  m_GameObject: {fileID: 199089955}
  m_LocalRotation: {x: -0, y: 0.9888434, z: -0, w: 0.14895928}
  m_LocalPosition: {x: -161.38, y: -0.2819996, z: -16.84}
  m_LocalScale: {x: 0.9999999, y: 1, z: 0.9999999}
  m_Children: []
  m_Father: {fileID: 1198039311}
  m_RootOrder: 12
  m_LocalEulerAnglesHint: {x: 0, y: 162.867, z: 0}
--- !u!114 &199089957
MonoBehaviour:
  m_ObjectHideFlags: 0
  m_PrefabParentObject: {fileID: 114303087165567730, guid: 0259f61cb02836e4fbedf96d1d5317b1,
    type: 2}
  m_PrefabInternal: {fileID: 0}
  m_GameObject: {fileID: 199089955}
  m_Enabled: 1
  m_EditorHideFlags: 0
  m_Script: {fileID: 11500000, guid: 5bbf51954c93ec444ac2b2dd1b00491d, type: 3}
  m_Name: 
  m_EditorClassIdentifier: 
  nextWaypoint:
  - {fileID: 0}
  previousWaypoint: []
--- !u!23 &199089958
MeshRenderer:
  m_ObjectHideFlags: 0
  m_PrefabParentObject: {fileID: 23722509815950062, guid: 0259f61cb02836e4fbedf96d1d5317b1,
    type: 2}
  m_PrefabInternal: {fileID: 0}
  m_GameObject: {fileID: 199089955}
  m_Enabled: 1
  m_CastShadows: 1
  m_ReceiveShadows: 1
  m_MotionVectors: 1
  m_LightProbeUsage: 1
  m_ReflectionProbeUsage: 1
  m_Materials:
  - {fileID: 2100000, guid: c8cb0324216cd1248ae1a1df4b73f948, type: 2}
  m_StaticBatchInfo:
    firstSubMesh: 0
    subMeshCount: 0
  m_StaticBatchRoot: {fileID: 0}
  m_ProbeAnchor: {fileID: 0}
  m_LightProbeVolumeOverride: {fileID: 0}
  m_ScaleInLightmap: 1
  m_PreserveUVs: 1
  m_IgnoreNormalsForChartDetection: 0
  m_ImportantGI: 0
  m_SelectedEditorRenderState: 3
  m_MinimumChartSize: 4
  m_AutoUVMaxDistance: 0.5
  m_AutoUVMaxAngle: 89
  m_LightmapParameters: {fileID: 0}
  m_SortingLayerID: 0
  m_SortingLayer: 0
  m_SortingOrder: 0
--- !u!65 &199089959
BoxCollider:
  m_ObjectHideFlags: 0
  m_PrefabParentObject: {fileID: 65517835318660160, guid: 0259f61cb02836e4fbedf96d1d5317b1,
    type: 2}
  m_PrefabInternal: {fileID: 0}
  m_GameObject: {fileID: 199089955}
  m_Material: {fileID: 0}
  m_IsTrigger: 0
  m_Enabled: 1
  serializedVersion: 2
  m_Size: {x: 1, y: 1, z: 1}
  m_Center: {x: 0, y: 0, z: 0}
--- !u!33 &199089960
MeshFilter:
  m_ObjectHideFlags: 0
  m_PrefabParentObject: {fileID: 33347854916840286, guid: 0259f61cb02836e4fbedf96d1d5317b1,
    type: 2}
  m_PrefabInternal: {fileID: 0}
  m_GameObject: {fileID: 199089955}
  m_Mesh: {fileID: 10202, guid: 0000000000000000e000000000000000, type: 0}
--- !u!1 &205989882
GameObject:
  m_ObjectHideFlags: 0
  m_PrefabParentObject: {fileID: 1753217550026484, guid: 0259f61cb02836e4fbedf96d1d5317b1,
    type: 2}
  m_PrefabInternal: {fileID: 0}
  serializedVersion: 5
  m_Component:
  - component: {fileID: 205989883}
  - component: {fileID: 205989887}
  - component: {fileID: 205989886}
  - component: {fileID: 205989885}
  - component: {fileID: 205989884}
  m_Layer: 1
  m_Name: Enemy Spawnpoint (12)
  m_TagString: Untagged
  m_Icon: {fileID: 0}
  m_NavMeshLayer: 0
  m_StaticEditorFlags: 0
  m_IsActive: 1
--- !u!4 &205989883
Transform:
  m_ObjectHideFlags: 0
  m_PrefabParentObject: {fileID: 4698164000405108, guid: 0259f61cb02836e4fbedf96d1d5317b1,
    type: 2}
  m_PrefabInternal: {fileID: 0}
  m_GameObject: {fileID: 205989882}
  m_LocalRotation: {x: -0, y: 0.4064841, z: -0, w: 0.91365784}
  m_LocalPosition: {x: -141.4, y: 0.62999916, z: -35.9}
  m_LocalScale: {x: 1, y: 1, z: 1}
  m_Children: []
  m_Father: {fileID: 1198039311}
  m_RootOrder: 9
  m_LocalEulerAnglesHint: {x: 0, y: 47.968002, z: 0}
--- !u!114 &205989884
MonoBehaviour:
  m_ObjectHideFlags: 0
  m_PrefabParentObject: {fileID: 114084757568703574, guid: 0259f61cb02836e4fbedf96d1d5317b1,
    type: 2}
  m_PrefabInternal: {fileID: 0}
  m_GameObject: {fileID: 205989882}
  m_Enabled: 1
  m_EditorHideFlags: 0
  m_Script: {fileID: 11500000, guid: 5bbf51954c93ec444ac2b2dd1b00491d, type: 3}
  m_Name: 
  m_EditorClassIdentifier: 
  nextWaypoint: []
  previousWaypoint: []
--- !u!23 &205989885
MeshRenderer:
  m_ObjectHideFlags: 0
  m_PrefabParentObject: {fileID: 23297390475943916, guid: 0259f61cb02836e4fbedf96d1d5317b1,
    type: 2}
  m_PrefabInternal: {fileID: 0}
  m_GameObject: {fileID: 205989882}
  m_Enabled: 1
  m_CastShadows: 1
  m_ReceiveShadows: 1
  m_MotionVectors: 1
  m_LightProbeUsage: 1
  m_ReflectionProbeUsage: 1
  m_Materials:
  - {fileID: 2100000, guid: c8cb0324216cd1248ae1a1df4b73f948, type: 2}
  m_StaticBatchInfo:
    firstSubMesh: 0
    subMeshCount: 0
  m_StaticBatchRoot: {fileID: 0}
  m_ProbeAnchor: {fileID: 0}
  m_LightProbeVolumeOverride: {fileID: 0}
  m_ScaleInLightmap: 1
  m_PreserveUVs: 1
  m_IgnoreNormalsForChartDetection: 0
  m_ImportantGI: 0
  m_SelectedEditorRenderState: 3
  m_MinimumChartSize: 4
  m_AutoUVMaxDistance: 0.5
  m_AutoUVMaxAngle: 89
  m_LightmapParameters: {fileID: 0}
  m_SortingLayerID: 0
  m_SortingLayer: 0
  m_SortingOrder: 0
--- !u!65 &205989886
BoxCollider:
  m_ObjectHideFlags: 0
  m_PrefabParentObject: {fileID: 65386842503620734, guid: 0259f61cb02836e4fbedf96d1d5317b1,
    type: 2}
  m_PrefabInternal: {fileID: 0}
  m_GameObject: {fileID: 205989882}
  m_Material: {fileID: 0}
  m_IsTrigger: 0
  m_Enabled: 1
  serializedVersion: 2
  m_Size: {x: 1, y: 1, z: 1}
  m_Center: {x: 0, y: 0, z: 0}
--- !u!33 &205989887
MeshFilter:
  m_ObjectHideFlags: 0
  m_PrefabParentObject: {fileID: 33710516849786568, guid: 0259f61cb02836e4fbedf96d1d5317b1,
    type: 2}
  m_PrefabInternal: {fileID: 0}
  m_GameObject: {fileID: 205989882}
  m_Mesh: {fileID: 10202, guid: 0000000000000000e000000000000000, type: 0}
--- !u!1 &213931495
GameObject:
  m_ObjectHideFlags: 0
  m_PrefabParentObject: {fileID: 1370249295818818, guid: 0259f61cb02836e4fbedf96d1d5317b1,
    type: 2}
  m_PrefabInternal: {fileID: 0}
  serializedVersion: 5
  m_Component:
  - component: {fileID: 213931496}
  - component: {fileID: 213931500}
  - component: {fileID: 213931499}
  - component: {fileID: 213931498}
  - component: {fileID: 213931497}
  m_Layer: 1
  m_Name: Enemy Spawnpoint (1)
  m_TagString: Untagged
  m_Icon: {fileID: 0}
  m_NavMeshLayer: 0
  m_StaticEditorFlags: 0
  m_IsActive: 1
--- !u!4 &213931496
Transform:
  m_ObjectHideFlags: 0
  m_PrefabParentObject: {fileID: 4234646135362974, guid: 0259f61cb02836e4fbedf96d1d5317b1,
    type: 2}
  m_PrefabInternal: {fileID: 0}
  m_GameObject: {fileID: 213931495}
  m_LocalRotation: {x: -0, y: 0.7507246, z: -0, w: 0.6606154}
  m_LocalPosition: {x: -179.1, y: -0.2819996, z: -2}
  m_LocalScale: {x: 1.0000007, y: 1, z: 1.0000007}
  m_Children: []
  m_Father: {fileID: 1198039311}
  m_RootOrder: 3
  m_LocalEulerAnglesHint: {x: 0, y: 97.30601, z: 0}
--- !u!114 &213931497
MonoBehaviour:
  m_ObjectHideFlags: 0
  m_PrefabParentObject: {fileID: 114303087165567730, guid: 0259f61cb02836e4fbedf96d1d5317b1,
    type: 2}
  m_PrefabInternal: {fileID: 0}
  m_GameObject: {fileID: 213931495}
  m_Enabled: 1
  m_EditorHideFlags: 0
  m_Script: {fileID: 11500000, guid: 5bbf51954c93ec444ac2b2dd1b00491d, type: 3}
  m_Name: 
  m_EditorClassIdentifier: 
  nextWaypoint:
  - {fileID: 377126415}
  previousWaypoint: []
--- !u!23 &213931498
MeshRenderer:
  m_ObjectHideFlags: 0
  m_PrefabParentObject: {fileID: 23722509815950062, guid: 0259f61cb02836e4fbedf96d1d5317b1,
    type: 2}
  m_PrefabInternal: {fileID: 0}
  m_GameObject: {fileID: 213931495}
  m_Enabled: 1
  m_CastShadows: 1
  m_ReceiveShadows: 1
  m_MotionVectors: 1
  m_LightProbeUsage: 1
  m_ReflectionProbeUsage: 1
  m_Materials:
  - {fileID: 2100000, guid: c8cb0324216cd1248ae1a1df4b73f948, type: 2}
  m_StaticBatchInfo:
    firstSubMesh: 0
    subMeshCount: 0
  m_StaticBatchRoot: {fileID: 0}
  m_ProbeAnchor: {fileID: 0}
  m_LightProbeVolumeOverride: {fileID: 0}
  m_ScaleInLightmap: 1
  m_PreserveUVs: 1
  m_IgnoreNormalsForChartDetection: 0
  m_ImportantGI: 0
  m_SelectedEditorRenderState: 3
  m_MinimumChartSize: 4
  m_AutoUVMaxDistance: 0.5
  m_AutoUVMaxAngle: 89
  m_LightmapParameters: {fileID: 0}
  m_SortingLayerID: 0
  m_SortingLayer: 0
  m_SortingOrder: 0
--- !u!65 &213931499
BoxCollider:
  m_ObjectHideFlags: 0
  m_PrefabParentObject: {fileID: 65517835318660160, guid: 0259f61cb02836e4fbedf96d1d5317b1,
    type: 2}
  m_PrefabInternal: {fileID: 0}
  m_GameObject: {fileID: 213931495}
  m_Material: {fileID: 0}
  m_IsTrigger: 0
  m_Enabled: 1
  serializedVersion: 2
  m_Size: {x: 1, y: 1, z: 1}
  m_Center: {x: 0, y: 0, z: 0}
--- !u!33 &213931500
MeshFilter:
  m_ObjectHideFlags: 0
  m_PrefabParentObject: {fileID: 33347854916840286, guid: 0259f61cb02836e4fbedf96d1d5317b1,
    type: 2}
  m_PrefabInternal: {fileID: 0}
  m_GameObject: {fileID: 213931495}
  m_Mesh: {fileID: 10202, guid: 0000000000000000e000000000000000, type: 0}
--- !u!1 &320396758
GameObject:
  m_ObjectHideFlags: 0
  m_PrefabParentObject: {fileID: 1370249295818818, guid: 0259f61cb02836e4fbedf96d1d5317b1,
    type: 2}
  m_PrefabInternal: {fileID: 0}
  serializedVersion: 5
  m_Component:
  - component: {fileID: 320396759}
  - component: {fileID: 320396763}
  - component: {fileID: 320396762}
  - component: {fileID: 320396761}
  - component: {fileID: 320396760}
  m_Layer: 1
  m_Name: Enemy Spawnpoint (3)
  m_TagString: Untagged
  m_Icon: {fileID: 0}
  m_NavMeshLayer: 0
  m_StaticEditorFlags: 0
  m_IsActive: 1
--- !u!4 &320396759
Transform:
  m_ObjectHideFlags: 0
  m_PrefabParentObject: {fileID: 4234646135362974, guid: 0259f61cb02836e4fbedf96d1d5317b1,
    type: 2}
  m_PrefabInternal: {fileID: 0}
  m_GameObject: {fileID: 320396758}
  m_LocalRotation: {x: -0, y: 0.6780104, z: -0, w: 0.7350523}
  m_LocalPosition: {x: -224.2, y: 1.2, z: -51.8}
  m_LocalScale: {x: 0.9999999, y: 1, z: 0.9999999}
  m_Children: []
  m_Father: {fileID: 1198039311}
  m_RootOrder: 10
  m_LocalEulerAnglesHint: {x: 0, y: 85.37701, z: 0}
--- !u!114 &320396760
MonoBehaviour:
  m_ObjectHideFlags: 0
  m_PrefabParentObject: {fileID: 114303087165567730, guid: 0259f61cb02836e4fbedf96d1d5317b1,
    type: 2}
  m_PrefabInternal: {fileID: 0}
  m_GameObject: {fileID: 320396758}
  m_Enabled: 1
  m_EditorHideFlags: 0
  m_Script: {fileID: 11500000, guid: 5bbf51954c93ec444ac2b2dd1b00491d, type: 3}
  m_Name: 
  m_EditorClassIdentifier: 
  nextWaypoint:
  - {fileID: 507936552}
  previousWaypoint: []
--- !u!23 &320396761
MeshRenderer:
  m_ObjectHideFlags: 0
  m_PrefabParentObject: {fileID: 23722509815950062, guid: 0259f61cb02836e4fbedf96d1d5317b1,
    type: 2}
  m_PrefabInternal: {fileID: 0}
  m_GameObject: {fileID: 320396758}
  m_Enabled: 1
  m_CastShadows: 1
  m_ReceiveShadows: 1
  m_MotionVectors: 1
  m_LightProbeUsage: 1
  m_ReflectionProbeUsage: 1
  m_Materials:
  - {fileID: 2100000, guid: c8cb0324216cd1248ae1a1df4b73f948, type: 2}
  m_StaticBatchInfo:
    firstSubMesh: 0
    subMeshCount: 0
  m_StaticBatchRoot: {fileID: 0}
  m_ProbeAnchor: {fileID: 0}
  m_LightProbeVolumeOverride: {fileID: 0}
  m_ScaleInLightmap: 1
  m_PreserveUVs: 1
  m_IgnoreNormalsForChartDetection: 0
  m_ImportantGI: 0
  m_SelectedEditorRenderState: 3
  m_MinimumChartSize: 4
  m_AutoUVMaxDistance: 0.5
  m_AutoUVMaxAngle: 89
  m_LightmapParameters: {fileID: 0}
  m_SortingLayerID: 0
  m_SortingLayer: 0
  m_SortingOrder: 0
--- !u!65 &320396762
BoxCollider:
  m_ObjectHideFlags: 0
  m_PrefabParentObject: {fileID: 65517835318660160, guid: 0259f61cb02836e4fbedf96d1d5317b1,
    type: 2}
  m_PrefabInternal: {fileID: 0}
  m_GameObject: {fileID: 320396758}
  m_Material: {fileID: 0}
  m_IsTrigger: 0
  m_Enabled: 1
  serializedVersion: 2
  m_Size: {x: 1, y: 1, z: 1}
  m_Center: {x: 0, y: 0, z: 0}
--- !u!33 &320396763
MeshFilter:
  m_ObjectHideFlags: 0
  m_PrefabParentObject: {fileID: 33347854916840286, guid: 0259f61cb02836e4fbedf96d1d5317b1,
    type: 2}
  m_PrefabInternal: {fileID: 0}
  m_GameObject: {fileID: 320396758}
  m_Mesh: {fileID: 10202, guid: 0000000000000000e000000000000000, type: 0}
--- !u!1001 &348628312
Prefab:
  m_ObjectHideFlags: 0
  serializedVersion: 2
  m_Modification:
    m_TransformParent: {fileID: 0}
    m_Modifications:
    - target: {fileID: 4314495625452368, guid: 54ab77a5a009f4a4e9a233edd4713273, type: 2}
      propertyPath: m_LocalPosition.x
      value: 380
      objectReference: {fileID: 0}
    - target: {fileID: 4314495625452368, guid: 54ab77a5a009f4a4e9a233edd4713273, type: 2}
      propertyPath: m_LocalPosition.y
      value: 146.45
      objectReference: {fileID: 0}
    - target: {fileID: 4314495625452368, guid: 54ab77a5a009f4a4e9a233edd4713273, type: 2}
      propertyPath: m_LocalPosition.z
      value: 359
      objectReference: {fileID: 0}
    - target: {fileID: 4314495625452368, guid: 54ab77a5a009f4a4e9a233edd4713273, type: 2}
      propertyPath: m_LocalRotation.x
      value: 0.7071068
      objectReference: {fileID: 0}
    - target: {fileID: 4314495625452368, guid: 54ab77a5a009f4a4e9a233edd4713273, type: 2}
      propertyPath: m_LocalRotation.y
      value: 0
      objectReference: {fileID: 0}
    - target: {fileID: 4314495625452368, guid: 54ab77a5a009f4a4e9a233edd4713273, type: 2}
      propertyPath: m_LocalRotation.z
      value: 0
      objectReference: {fileID: 0}
    - target: {fileID: 4314495625452368, guid: 54ab77a5a009f4a4e9a233edd4713273, type: 2}
      propertyPath: m_LocalRotation.w
      value: 0.7071068
      objectReference: {fileID: 0}
    - target: {fileID: 4314495625452368, guid: 54ab77a5a009f4a4e9a233edd4713273, type: 2}
      propertyPath: m_RootOrder
      value: 4
      objectReference: {fileID: 0}
    m_RemovedComponents: []
  m_ParentPrefab: {fileID: 100100000, guid: 54ab77a5a009f4a4e9a233edd4713273, type: 2}
  m_IsPrefabParent: 0
--- !u!1 &377126414
GameObject:
  m_ObjectHideFlags: 0
  m_PrefabParentObject: {fileID: 1370249295818818, guid: 0259f61cb02836e4fbedf96d1d5317b1,
    type: 2}
  m_PrefabInternal: {fileID: 0}
  serializedVersion: 5
  m_Component:
  - component: {fileID: 377126415}
  - component: {fileID: 377126419}
  - component: {fileID: 377126418}
  - component: {fileID: 377126417}
  - component: {fileID: 377126416}
  m_Layer: 1
  m_Name: Enemy Spawnpoint (2)
  m_TagString: Untagged
  m_Icon: {fileID: 0}
  m_NavMeshLayer: 0
  m_StaticEditorFlags: 0
  m_IsActive: 1
--- !u!4 &377126415
Transform:
  m_ObjectHideFlags: 0
  m_PrefabParentObject: {fileID: 4234646135362974, guid: 0259f61cb02836e4fbedf96d1d5317b1,
    type: 2}
  m_PrefabInternal: {fileID: 0}
  m_GameObject: {fileID: 377126414}
  m_LocalRotation: {x: -0, y: 0.533789, z: -0, w: 0.8456178}
  m_LocalPosition: {x: -130.9, y: 0.1, z: -75.6}
  m_LocalScale: {x: 1.0000007, y: 1, z: 1.0000007}
  m_Children: []
  m_Father: {fileID: 1198039311}
  m_RootOrder: 4
  m_LocalEulerAnglesHint: {x: 0, y: 64.524, z: 0}
--- !u!114 &377126416
MonoBehaviour:
  m_ObjectHideFlags: 0
  m_PrefabParentObject: {fileID: 114303087165567730, guid: 0259f61cb02836e4fbedf96d1d5317b1,
    type: 2}
  m_PrefabInternal: {fileID: 0}
  m_GameObject: {fileID: 377126414}
  m_Enabled: 1
  m_EditorHideFlags: 0
  m_Script: {fileID: 11500000, guid: 5bbf51954c93ec444ac2b2dd1b00491d, type: 3}
  m_Name: 
  m_EditorClassIdentifier: 
  nextWaypoint:
  - {fileID: 0}
  - {fileID: 0}
  previousWaypoint: []
--- !u!23 &377126417
MeshRenderer:
  m_ObjectHideFlags: 0
  m_PrefabParentObject: {fileID: 23722509815950062, guid: 0259f61cb02836e4fbedf96d1d5317b1,
    type: 2}
  m_PrefabInternal: {fileID: 0}
  m_GameObject: {fileID: 377126414}
  m_Enabled: 1
  m_CastShadows: 1
  m_ReceiveShadows: 1
  m_MotionVectors: 1
  m_LightProbeUsage: 1
  m_ReflectionProbeUsage: 1
  m_Materials:
  - {fileID: 2100000, guid: c8cb0324216cd1248ae1a1df4b73f948, type: 2}
  m_StaticBatchInfo:
    firstSubMesh: 0
    subMeshCount: 0
  m_StaticBatchRoot: {fileID: 0}
  m_ProbeAnchor: {fileID: 0}
  m_LightProbeVolumeOverride: {fileID: 0}
  m_ScaleInLightmap: 1
  m_PreserveUVs: 1
  m_IgnoreNormalsForChartDetection: 0
  m_ImportantGI: 0
  m_SelectedEditorRenderState: 3
  m_MinimumChartSize: 4
  m_AutoUVMaxDistance: 0.5
  m_AutoUVMaxAngle: 89
  m_LightmapParameters: {fileID: 0}
  m_SortingLayerID: 0
  m_SortingLayer: 0
  m_SortingOrder: 0
--- !u!65 &377126418
BoxCollider:
  m_ObjectHideFlags: 0
  m_PrefabParentObject: {fileID: 65517835318660160, guid: 0259f61cb02836e4fbedf96d1d5317b1,
    type: 2}
  m_PrefabInternal: {fileID: 0}
  m_GameObject: {fileID: 377126414}
  m_Material: {fileID: 0}
  m_IsTrigger: 0
  m_Enabled: 1
  serializedVersion: 2
  m_Size: {x: 1, y: 1, z: 1}
  m_Center: {x: 0, y: 0, z: 0}
--- !u!33 &377126419
MeshFilter:
  m_ObjectHideFlags: 0
  m_PrefabParentObject: {fileID: 33347854916840286, guid: 0259f61cb02836e4fbedf96d1d5317b1,
    type: 2}
  m_PrefabInternal: {fileID: 0}
  m_GameObject: {fileID: 377126414}
  m_Mesh: {fileID: 10202, guid: 0000000000000000e000000000000000, type: 0}
--- !u!1 &474747066
GameObject:
  m_ObjectHideFlags: 0
  m_PrefabParentObject: {fileID: 1973845004153860, guid: 46fbef7ca33a0104287a2f6b3bd1d778,
    type: 2}
  m_PrefabInternal: {fileID: 0}
  serializedVersion: 5
  m_Component:
  - component: {fileID: 474747067}
  - component: {fileID: 474747071}
  - component: {fileID: 474747070}
  - component: {fileID: 474747069}
  - component: {fileID: 474747068}
  m_Layer: 1
  m_Name: Ally Waypoint
  m_TagString: Untagged
  m_Icon: {fileID: 0}
  m_NavMeshLayer: 0
  m_StaticEditorFlags: 4294967295
  m_IsActive: 1
--- !u!4 &474747067
Transform:
  m_ObjectHideFlags: 0
  m_PrefabParentObject: {fileID: 4242268760549160, guid: 46fbef7ca33a0104287a2f6b3bd1d778,
    type: 2}
  m_PrefabInternal: {fileID: 0}
  m_GameObject: {fileID: 474747066}
  m_LocalRotation: {x: -0, y: 0.23004626, z: -0, w: 0.9731797}
  m_LocalPosition: {x: -30.9, y: -4.19, z: 69.6}
  m_LocalScale: {x: 1, y: 1, z: 1}
  m_Children: []
  m_Father: {fileID: 1066071053}
  m_RootOrder: 0
  m_LocalEulerAnglesHint: {x: 0, y: 26.6, z: 0}
--- !u!114 &474747068
MonoBehaviour:
  m_ObjectHideFlags: 0
  m_PrefabParentObject: {fileID: 114326249045149440, guid: 46fbef7ca33a0104287a2f6b3bd1d778,
    type: 2}
  m_PrefabInternal: {fileID: 0}
  m_GameObject: {fileID: 474747066}
  m_Enabled: 1
  m_EditorHideFlags: 0
  m_Script: {fileID: 11500000, guid: 5bbf51954c93ec444ac2b2dd1b00491d, type: 3}
  m_Name: 
  m_EditorClassIdentifier: 
  nextWaypoint:
  - {fileID: 105778920}
  previousWaypoint: []
--- !u!23 &474747069
MeshRenderer:
  m_ObjectHideFlags: 0
  m_PrefabParentObject: {fileID: 23341274913175174, guid: 46fbef7ca33a0104287a2f6b3bd1d778,
    type: 2}
  m_PrefabInternal: {fileID: 0}
  m_GameObject: {fileID: 474747066}
  m_Enabled: 1
  m_CastShadows: 1
  m_ReceiveShadows: 1
  m_MotionVectors: 1
  m_LightProbeUsage: 1
  m_ReflectionProbeUsage: 1
  m_Materials:
  - {fileID: 2100000, guid: bc08ec6622b1bd347be9734abf4ce1ad, type: 2}
  m_StaticBatchInfo:
    firstSubMesh: 0
    subMeshCount: 0
  m_StaticBatchRoot: {fileID: 0}
  m_ProbeAnchor: {fileID: 0}
  m_LightProbeVolumeOverride: {fileID: 0}
  m_ScaleInLightmap: 1
  m_PreserveUVs: 1
  m_IgnoreNormalsForChartDetection: 0
  m_ImportantGI: 0
  m_SelectedEditorRenderState: 3
  m_MinimumChartSize: 4
  m_AutoUVMaxDistance: 0.5
  m_AutoUVMaxAngle: 89
  m_LightmapParameters: {fileID: 0}
  m_SortingLayerID: 0
  m_SortingLayer: 0
  m_SortingOrder: 0
--- !u!65 &474747070
BoxCollider:
  m_ObjectHideFlags: 0
  m_PrefabParentObject: {fileID: 65204198560267870, guid: 46fbef7ca33a0104287a2f6b3bd1d778,
    type: 2}
  m_PrefabInternal: {fileID: 0}
  m_GameObject: {fileID: 474747066}
  m_Material: {fileID: 0}
  m_IsTrigger: 0
  m_Enabled: 1
  serializedVersion: 2
  m_Size: {x: 1, y: 1, z: 1}
  m_Center: {x: 0, y: 0, z: 0}
--- !u!33 &474747071
MeshFilter:
  m_ObjectHideFlags: 0
  m_PrefabParentObject: {fileID: 33042071776080550, guid: 46fbef7ca33a0104287a2f6b3bd1d778,
    type: 2}
  m_PrefabInternal: {fileID: 0}
  m_GameObject: {fileID: 474747066}
  m_Mesh: {fileID: 10202, guid: 0000000000000000e000000000000000, type: 0}
--- !u!1 &507936551
GameObject:
  m_ObjectHideFlags: 0
  m_PrefabParentObject: {fileID: 1370249295818818, guid: 0259f61cb02836e4fbedf96d1d5317b1,
    type: 2}
  m_PrefabInternal: {fileID: 0}
  serializedVersion: 5
  m_Component:
  - component: {fileID: 507936552}
  - component: {fileID: 507936556}
  - component: {fileID: 507936555}
  - component: {fileID: 507936554}
  - component: {fileID: 507936553}
  m_Layer: 1
  m_Name: Enemy Spawnpoint (4)
  m_TagString: Untagged
  m_Icon: {fileID: 0}
  m_NavMeshLayer: 0
  m_StaticEditorFlags: 0
  m_IsActive: 1
--- !u!4 &507936552
Transform:
  m_ObjectHideFlags: 0
  m_PrefabParentObject: {fileID: 4234646135362974, guid: 0259f61cb02836e4fbedf96d1d5317b1,
    type: 2}
  m_PrefabInternal: {fileID: 0}
  m_GameObject: {fileID: 507936551}
  m_LocalRotation: {x: -0, y: 0.8249436, z: -0, w: 0.56521505}
  m_LocalPosition: {x: -187.84, y: -0.2819996, z: -4.25}
  m_LocalScale: {x: 0.9999999, y: 1, z: 0.9999999}
  m_Children: []
  m_Father: {fileID: 1198039311}
  m_RootOrder: 11
  m_LocalEulerAnglesHint: {x: 0, y: 111.16601, z: 0}
--- !u!114 &507936553
MonoBehaviour:
  m_ObjectHideFlags: 0
  m_PrefabParentObject: {fileID: 114303087165567730, guid: 0259f61cb02836e4fbedf96d1d5317b1,
    type: 2}
  m_PrefabInternal: {fileID: 0}
  m_GameObject: {fileID: 507936551}
  m_Enabled: 1
  m_EditorHideFlags: 0
  m_Script: {fileID: 11500000, guid: 5bbf51954c93ec444ac2b2dd1b00491d, type: 3}
  m_Name: 
  m_EditorClassIdentifier: 
  nextWaypoint:
  - {fileID: 199089956}
  previousWaypoint: []
--- !u!23 &507936554
MeshRenderer:
  m_ObjectHideFlags: 0
  m_PrefabParentObject: {fileID: 23722509815950062, guid: 0259f61cb02836e4fbedf96d1d5317b1,
    type: 2}
  m_PrefabInternal: {fileID: 0}
  m_GameObject: {fileID: 507936551}
  m_Enabled: 1
  m_CastShadows: 1
  m_ReceiveShadows: 1
  m_MotionVectors: 1
  m_LightProbeUsage: 1
  m_ReflectionProbeUsage: 1
  m_Materials:
  - {fileID: 2100000, guid: c8cb0324216cd1248ae1a1df4b73f948, type: 2}
  m_StaticBatchInfo:
    firstSubMesh: 0
    subMeshCount: 0
  m_StaticBatchRoot: {fileID: 0}
  m_ProbeAnchor: {fileID: 0}
  m_LightProbeVolumeOverride: {fileID: 0}
  m_ScaleInLightmap: 1
  m_PreserveUVs: 1
  m_IgnoreNormalsForChartDetection: 0
  m_ImportantGI: 0
  m_SelectedEditorRenderState: 3
  m_MinimumChartSize: 4
  m_AutoUVMaxDistance: 0.5
  m_AutoUVMaxAngle: 89
  m_LightmapParameters: {fileID: 0}
  m_SortingLayerID: 0
  m_SortingLayer: 0
  m_SortingOrder: 0
--- !u!65 &507936555
BoxCollider:
  m_ObjectHideFlags: 0
  m_PrefabParentObject: {fileID: 65517835318660160, guid: 0259f61cb02836e4fbedf96d1d5317b1,
    type: 2}
  m_PrefabInternal: {fileID: 0}
  m_GameObject: {fileID: 507936551}
  m_Material: {fileID: 0}
  m_IsTrigger: 0
  m_Enabled: 1
  serializedVersion: 2
  m_Size: {x: 1, y: 1, z: 1}
  m_Center: {x: 0, y: 0, z: 0}
--- !u!33 &507936556
MeshFilter:
  m_ObjectHideFlags: 0
  m_PrefabParentObject: {fileID: 33347854916840286, guid: 0259f61cb02836e4fbedf96d1d5317b1,
    type: 2}
  m_PrefabInternal: {fileID: 0}
  m_GameObject: {fileID: 507936551}
  m_Mesh: {fileID: 10202, guid: 0000000000000000e000000000000000, type: 0}
--- !u!1 &521020638
GameObject:
  m_ObjectHideFlags: 0
  m_PrefabParentObject: {fileID: 0}
  m_PrefabInternal: {fileID: 0}
  serializedVersion: 5
  m_Component:
  - component: {fileID: 521020641}
  - component: {fileID: 521020640}
  - component: {fileID: 521020639}
  m_Layer: 0
  m_Name: VoiceManager
  m_TagString: Untagged
  m_Icon: {fileID: 0}
  m_NavMeshLayer: 0
  m_StaticEditorFlags: 0
  m_IsActive: 1
--- !u!114 &521020639
MonoBehaviour:
  m_ObjectHideFlags: 0
  m_PrefabParentObject: {fileID: 0}
  m_PrefabInternal: {fileID: 0}
  m_GameObject: {fileID: 521020638}
  m_Enabled: 1
  m_EditorHideFlags: 0
  m_Script: {fileID: 11500000, guid: 677464b9755a61048923c276dbdb067b, type: 3}
  m_Name: 
  m_EditorClassIdentifier: 
  callAlliedTankClip:
  - {fileID: 8300000, guid: 0930377004849ee4ea15d7048d617173, type: 3}
  - {fileID: 8300000, guid: 488c595bba073394a9f63f06b027e7bc, type: 3}
  - {fileID: 8300000, guid: 3e2b9e9e387b5a844aa1b0bf425ca433, type: 3}
  callAlliedAircraftClip: []
  callArtilleryClip:
  - {fileID: 8300000, guid: 58167e119d66058469afbebead15593a, type: 3}
--- !u!82 &521020640
AudioSource:
  m_ObjectHideFlags: 0
  m_PrefabParentObject: {fileID: 0}
  m_PrefabInternal: {fileID: 0}
  m_GameObject: {fileID: 521020638}
  m_Enabled: 1
  serializedVersion: 4
  OutputAudioMixerGroup: {fileID: 0}
  m_audioClip: {fileID: 0}
  m_PlayOnAwake: 1
  m_Volume: 1
  m_Pitch: 1
  Loop: 0
  Mute: 0
  Spatialize: 0
  SpatializePostEffects: 0
  Priority: 128
  DopplerLevel: 1
  MinDistance: 1
  MaxDistance: 500
  Pan2D: 0
  rolloffMode: 0
  BypassEffects: 0
  BypassListenerEffects: 0
  BypassReverbZones: 0
  rolloffCustomCurve:
    serializedVersion: 2
    m_Curve:
    - serializedVersion: 2
      time: 0
      value: 1
      inSlope: 0
      outSlope: 0
      tangentMode: 0
    - serializedVersion: 2
      time: 1
      value: 0
      inSlope: 0
      outSlope: 0
      tangentMode: 0
    m_PreInfinity: 2
    m_PostInfinity: 2
    m_RotationOrder: 4
  panLevelCustomCurve:
    serializedVersion: 2
    m_Curve:
    - serializedVersion: 2
      time: 0
      value: 0
      inSlope: 0
      outSlope: 0
      tangentMode: 0
    m_PreInfinity: 2
    m_PostInfinity: 2
    m_RotationOrder: 0
  spreadCustomCurve:
    serializedVersion: 2
    m_Curve:
    - serializedVersion: 2
      time: 0
      value: 0
      inSlope: 0
      outSlope: 0
      tangentMode: 0
    m_PreInfinity: 2
    m_PostInfinity: 2
    m_RotationOrder: 0
  reverbZoneMixCustomCurve:
    serializedVersion: 2
    m_Curve:
    - serializedVersion: 2
      time: 0
      value: 1
      inSlope: 0
      outSlope: 0
      tangentMode: 0
    m_PreInfinity: 2
    m_PostInfinity: 2
    m_RotationOrder: 0
--- !u!4 &521020641
Transform:
  m_ObjectHideFlags: 0
  m_PrefabParentObject: {fileID: 0}
  m_PrefabInternal: {fileID: 0}
  m_GameObject: {fileID: 521020638}
  m_LocalRotation: {x: 0, y: 0, z: 0, w: 1}
  m_LocalPosition: {x: 366.18427, y: 114.265114, z: 339.50897}
  m_LocalScale: {x: 1, y: 1, z: 1}
  m_Children: []
  m_Father: {fileID: 0}
  m_RootOrder: 10
  m_LocalEulerAnglesHint: {x: 0, y: 0, z: 0}
--- !u!1 &559275538
GameObject:
  m_ObjectHideFlags: 0
  m_PrefabParentObject: {fileID: 1753217550026484, guid: 0259f61cb02836e4fbedf96d1d5317b1,
    type: 2}
  m_PrefabInternal: {fileID: 0}
  serializedVersion: 5
  m_Component:
  - component: {fileID: 559275539}
  - component: {fileID: 559275543}
  - component: {fileID: 559275542}
  - component: {fileID: 559275541}
  - component: {fileID: 559275540}
  m_Layer: 1
  m_Name: Enemy Spawnpoint (10)
  m_TagString: Untagged
  m_Icon: {fileID: 0}
  m_NavMeshLayer: 0
  m_StaticEditorFlags: 0
  m_IsActive: 1
--- !u!4 &559275539
Transform:
  m_ObjectHideFlags: 0
  m_PrefabParentObject: {fileID: 4698164000405108, guid: 0259f61cb02836e4fbedf96d1d5317b1,
    type: 2}
  m_PrefabInternal: {fileID: 0}
  m_GameObject: {fileID: 559275538}
  m_LocalRotation: {x: -0, y: 0.4064841, z: -0, w: 0.91365784}
  m_LocalPosition: {x: -33.1, y: 0.62999916, z: 11.8}
  m_LocalScale: {x: 1, y: 1, z: 1}
  m_Children: []
  m_Father: {fileID: 1198039311}
  m_RootOrder: 7
  m_LocalEulerAnglesHint: {x: 0, y: 47.968002, z: 0}
--- !u!114 &559275540
MonoBehaviour:
  m_ObjectHideFlags: 0
  m_PrefabParentObject: {fileID: 114084757568703574, guid: 0259f61cb02836e4fbedf96d1d5317b1,
    type: 2}
  m_PrefabInternal: {fileID: 0}
  m_GameObject: {fileID: 559275538}
  m_Enabled: 1
  m_EditorHideFlags: 0
  m_Script: {fileID: 11500000, guid: 5bbf51954c93ec444ac2b2dd1b00491d, type: 3}
  m_Name: 
  m_EditorClassIdentifier: 
  nextWaypoint: []
  previousWaypoint: []
--- !u!23 &559275541
MeshRenderer:
  m_ObjectHideFlags: 0
  m_PrefabParentObject: {fileID: 23297390475943916, guid: 0259f61cb02836e4fbedf96d1d5317b1,
    type: 2}
  m_PrefabInternal: {fileID: 0}
  m_GameObject: {fileID: 559275538}
  m_Enabled: 1
  m_CastShadows: 1
  m_ReceiveShadows: 1
  m_MotionVectors: 1
  m_LightProbeUsage: 1
  m_ReflectionProbeUsage: 1
  m_Materials:
  - {fileID: 2100000, guid: c8cb0324216cd1248ae1a1df4b73f948, type: 2}
  m_StaticBatchInfo:
    firstSubMesh: 0
    subMeshCount: 0
  m_StaticBatchRoot: {fileID: 0}
  m_ProbeAnchor: {fileID: 0}
  m_LightProbeVolumeOverride: {fileID: 0}
  m_ScaleInLightmap: 1
  m_PreserveUVs: 1
  m_IgnoreNormalsForChartDetection: 0
  m_ImportantGI: 0
  m_SelectedEditorRenderState: 3
  m_MinimumChartSize: 4
  m_AutoUVMaxDistance: 0.5
  m_AutoUVMaxAngle: 89
  m_LightmapParameters: {fileID: 0}
  m_SortingLayerID: 0
  m_SortingLayer: 0
  m_SortingOrder: 0
--- !u!65 &559275542
BoxCollider:
  m_ObjectHideFlags: 0
  m_PrefabParentObject: {fileID: 65386842503620734, guid: 0259f61cb02836e4fbedf96d1d5317b1,
    type: 2}
  m_PrefabInternal: {fileID: 0}
  m_GameObject: {fileID: 559275538}
  m_Material: {fileID: 0}
  m_IsTrigger: 0
  m_Enabled: 1
  serializedVersion: 2
  m_Size: {x: 1, y: 1, z: 1}
  m_Center: {x: 0, y: 0, z: 0}
--- !u!33 &559275543
MeshFilter:
  m_ObjectHideFlags: 0
  m_PrefabParentObject: {fileID: 33710516849786568, guid: 0259f61cb02836e4fbedf96d1d5317b1,
    type: 2}
  m_PrefabInternal: {fileID: 0}
  m_GameObject: {fileID: 559275538}
  m_Mesh: {fileID: 10202, guid: 0000000000000000e000000000000000, type: 0}
--- !u!1001 &592977621
Prefab:
  m_ObjectHideFlags: 0
  serializedVersion: 2
  m_Modification:
    m_TransformParent: {fileID: 0}
    m_Modifications:
    - target: {fileID: 4269981136568114, guid: d4f6a097d2cbeb044990025a85028f0a, type: 2}
      propertyPath: m_LocalPosition.x
      value: 430.1515
      objectReference: {fileID: 0}
    - target: {fileID: 4269981136568114, guid: d4f6a097d2cbeb044990025a85028f0a, type: 2}
      propertyPath: m_LocalPosition.y
      value: 26.373417
      objectReference: {fileID: 0}
    - target: {fileID: 4269981136568114, guid: d4f6a097d2cbeb044990025a85028f0a, type: 2}
      propertyPath: m_LocalPosition.z
      value: 449.64188
      objectReference: {fileID: 0}
    - target: {fileID: 4269981136568114, guid: d4f6a097d2cbeb044990025a85028f0a, type: 2}
      propertyPath: m_LocalRotation.x
      value: 0
      objectReference: {fileID: 0}
    - target: {fileID: 4269981136568114, guid: d4f6a097d2cbeb044990025a85028f0a, type: 2}
      propertyPath: m_LocalRotation.y
      value: 0
      objectReference: {fileID: 0}
    - target: {fileID: 4269981136568114, guid: d4f6a097d2cbeb044990025a85028f0a, type: 2}
      propertyPath: m_LocalRotation.z
      value: 0
      objectReference: {fileID: 0}
    - target: {fileID: 4269981136568114, guid: d4f6a097d2cbeb044990025a85028f0a, type: 2}
      propertyPath: m_LocalRotation.w
      value: 1
      objectReference: {fileID: 0}
    - target: {fileID: 4269981136568114, guid: d4f6a097d2cbeb044990025a85028f0a, type: 2}
      propertyPath: m_RootOrder
      value: 5
      objectReference: {fileID: 0}
    m_RemovedComponents: []
  m_ParentPrefab: {fileID: 100100000, guid: d4f6a097d2cbeb044990025a85028f0a, type: 2}
  m_IsPrefabParent: 0
--- !u!1 &669297120
GameObject:
  m_ObjectHideFlags: 0
  m_PrefabParentObject: {fileID: 1633042059835002, guid: 46fbef7ca33a0104287a2f6b3bd1d778,
    type: 2}
  m_PrefabInternal: {fileID: 0}
  serializedVersion: 5
  m_Component:
  - component: {fileID: 669297121}
  - component: {fileID: 669297125}
  - component: {fileID: 669297124}
  - component: {fileID: 669297123}
  - component: {fileID: 669297122}
  m_Layer: 1
  m_Name: Ally Waypoint (1)
  m_TagString: Untagged
  m_Icon: {fileID: 0}
  m_NavMeshLayer: 0
  m_StaticEditorFlags: 4294967295
  m_IsActive: 1
--- !u!4 &669297121
Transform:
  m_ObjectHideFlags: 0
  m_PrefabParentObject: {fileID: 4046109488736186, guid: 46fbef7ca33a0104287a2f6b3bd1d778,
    type: 2}
  m_PrefabInternal: {fileID: 0}
  m_GameObject: {fileID: 669297120}
  m_LocalRotation: {x: -0, y: -0.21773446, z: -0, w: 0.9760081}
  m_LocalPosition: {x: 29.1, y: -4.1900005, z: 47.6}
  m_LocalScale: {x: 0.9999999, y: 1, z: 0.9999999}
  m_Children: []
  m_Father: {fileID: 1066071053}
  m_RootOrder: 2
  m_LocalEulerAnglesHint: {x: 0, y: -25.152, z: 0}
--- !u!114 &669297122
MonoBehaviour:
  m_ObjectHideFlags: 0
  m_PrefabParentObject: {fileID: 114411756883675508, guid: 46fbef7ca33a0104287a2f6b3bd1d778,
    type: 2}
  m_PrefabInternal: {fileID: 0}
  m_GameObject: {fileID: 669297120}
  m_Enabled: 1
  m_EditorHideFlags: 0
  m_Script: {fileID: 11500000, guid: 5bbf51954c93ec444ac2b2dd1b00491d, type: 3}
  m_Name: 
  m_EditorClassIdentifier: 
  nextWaypoint:
  - {fileID: 1908594017}
  previousWaypoint: []
--- !u!23 &669297123
MeshRenderer:
  m_ObjectHideFlags: 0
  m_PrefabParentObject: {fileID: 23952477453458678, guid: 46fbef7ca33a0104287a2f6b3bd1d778,
    type: 2}
  m_PrefabInternal: {fileID: 0}
  m_GameObject: {fileID: 669297120}
  m_Enabled: 1
  m_CastShadows: 1
  m_ReceiveShadows: 1
  m_MotionVectors: 1
  m_LightProbeUsage: 1
  m_ReflectionProbeUsage: 1
  m_Materials:
  - {fileID: 2100000, guid: bc08ec6622b1bd347be9734abf4ce1ad, type: 2}
  m_StaticBatchInfo:
    firstSubMesh: 0
    subMeshCount: 0
  m_StaticBatchRoot: {fileID: 0}
  m_ProbeAnchor: {fileID: 0}
  m_LightProbeVolumeOverride: {fileID: 0}
  m_ScaleInLightmap: 1
  m_PreserveUVs: 1
  m_IgnoreNormalsForChartDetection: 0
  m_ImportantGI: 0
  m_SelectedEditorRenderState: 3
  m_MinimumChartSize: 4
  m_AutoUVMaxDistance: 0.5
  m_AutoUVMaxAngle: 89
  m_LightmapParameters: {fileID: 0}
  m_SortingLayerID: 0
  m_SortingLayer: 0
  m_SortingOrder: 0
--- !u!65 &669297124
BoxCollider:
  m_ObjectHideFlags: 0
  m_PrefabParentObject: {fileID: 65207564528992822, guid: 46fbef7ca33a0104287a2f6b3bd1d778,
    type: 2}
  m_PrefabInternal: {fileID: 0}
  m_GameObject: {fileID: 669297120}
  m_Material: {fileID: 0}
  m_IsTrigger: 0
  m_Enabled: 1
  serializedVersion: 2
  m_Size: {x: 1, y: 1, z: 1}
  m_Center: {x: 0, y: 0, z: 0}
--- !u!33 &669297125
MeshFilter:
  m_ObjectHideFlags: 0
  m_PrefabParentObject: {fileID: 33341285865892544, guid: 46fbef7ca33a0104287a2f6b3bd1d778,
    type: 2}
  m_PrefabInternal: {fileID: 0}
  m_GameObject: {fileID: 669297120}
  m_Mesh: {fileID: 10202, guid: 0000000000000000e000000000000000, type: 0}
--- !u!1001 &780116527
Prefab:
  m_ObjectHideFlags: 0
  serializedVersion: 2
  m_Modification:
    m_TransformParent: {fileID: 0}
    m_Modifications:
    - target: {fileID: 4474017607867862, guid: 5b5f4ec7089aa0447bcded57e2139895, type: 2}
      propertyPath: m_LocalPosition.x
      value: 0
      objectReference: {fileID: 0}
    - target: {fileID: 4474017607867862, guid: 5b5f4ec7089aa0447bcded57e2139895, type: 2}
      propertyPath: m_LocalPosition.y
      value: 0
      objectReference: {fileID: 0}
    - target: {fileID: 4474017607867862, guid: 5b5f4ec7089aa0447bcded57e2139895, type: 2}
      propertyPath: m_LocalPosition.z
      value: 0
      objectReference: {fileID: 0}
    - target: {fileID: 4474017607867862, guid: 5b5f4ec7089aa0447bcded57e2139895, type: 2}
      propertyPath: m_LocalRotation.x
      value: 0
      objectReference: {fileID: 0}
    - target: {fileID: 4474017607867862, guid: 5b5f4ec7089aa0447bcded57e2139895, type: 2}
      propertyPath: m_LocalRotation.y
      value: 0
      objectReference: {fileID: 0}
    - target: {fileID: 4474017607867862, guid: 5b5f4ec7089aa0447bcded57e2139895, type: 2}
      propertyPath: m_LocalRotation.z
      value: 0
      objectReference: {fileID: 0}
    - target: {fileID: 4474017607867862, guid: 5b5f4ec7089aa0447bcded57e2139895, type: 2}
      propertyPath: m_LocalRotation.w
      value: 1
      objectReference: {fileID: 0}
    - target: {fileID: 4474017607867862, guid: 5b5f4ec7089aa0447bcded57e2139895, type: 2}
      propertyPath: m_RootOrder
      value: 9
      objectReference: {fileID: 0}
    m_RemovedComponents: []
  m_ParentPrefab: {fileID: 100100000, guid: 5b5f4ec7089aa0447bcded57e2139895, type: 2}
  m_IsPrefabParent: 0
--- !u!1 &1055525909
GameObject:
  m_ObjectHideFlags: 0
  m_PrefabParentObject: {fileID: 1753217550026484, guid: 0259f61cb02836e4fbedf96d1d5317b1,
    type: 2}
  m_PrefabInternal: {fileID: 0}
  serializedVersion: 5
  m_Component:
  - component: {fileID: 1055525910}
  - component: {fileID: 1055525914}
  - component: {fileID: 1055525913}
  - component: {fileID: 1055525912}
  - component: {fileID: 1055525911}
  m_Layer: 1
  m_Name: Enemy Spawnpoint (9)
  m_TagString: Untagged
  m_Icon: {fileID: 0}
  m_NavMeshLayer: 0
  m_StaticEditorFlags: 0
  m_IsActive: 1
--- !u!4 &1055525910
Transform:
  m_ObjectHideFlags: 0
  m_PrefabParentObject: {fileID: 4698164000405108, guid: 0259f61cb02836e4fbedf96d1d5317b1,
    type: 2}
  m_PrefabInternal: {fileID: 0}
  m_GameObject: {fileID: 1055525909}
  m_LocalRotation: {x: -0, y: 0.4064841, z: -0, w: 0.91365784}
  m_LocalPosition: {x: 3.9, y: 0.62999916, z: 44.8}
  m_LocalScale: {x: 1, y: 1, z: 1}
  m_Children: []
  m_Father: {fileID: 1198039311}
  m_RootOrder: 6
  m_LocalEulerAnglesHint: {x: 0, y: 47.968002, z: 0}
--- !u!114 &1055525911
MonoBehaviour:
  m_ObjectHideFlags: 0
  m_PrefabParentObject: {fileID: 114084757568703574, guid: 0259f61cb02836e4fbedf96d1d5317b1,
    type: 2}
  m_PrefabInternal: {fileID: 0}
  m_GameObject: {fileID: 1055525909}
  m_Enabled: 1
  m_EditorHideFlags: 0
  m_Script: {fileID: 11500000, guid: 5bbf51954c93ec444ac2b2dd1b00491d, type: 3}
  m_Name: 
  m_EditorClassIdentifier: 
  nextWaypoint:
  - {fileID: 559275539}
  - {fileID: 1508161406}
  previousWaypoint: []
--- !u!23 &1055525912
MeshRenderer:
  m_ObjectHideFlags: 0
  m_PrefabParentObject: {fileID: 23297390475943916, guid: 0259f61cb02836e4fbedf96d1d5317b1,
    type: 2}
  m_PrefabInternal: {fileID: 0}
  m_GameObject: {fileID: 1055525909}
  m_Enabled: 1
  m_CastShadows: 1
  m_ReceiveShadows: 1
  m_MotionVectors: 1
  m_LightProbeUsage: 1
  m_ReflectionProbeUsage: 1
  m_Materials:
  - {fileID: 2100000, guid: c8cb0324216cd1248ae1a1df4b73f948, type: 2}
  m_StaticBatchInfo:
    firstSubMesh: 0
    subMeshCount: 0
  m_StaticBatchRoot: {fileID: 0}
  m_ProbeAnchor: {fileID: 0}
  m_LightProbeVolumeOverride: {fileID: 0}
  m_ScaleInLightmap: 1
  m_PreserveUVs: 1
  m_IgnoreNormalsForChartDetection: 0
  m_ImportantGI: 0
  m_SelectedEditorRenderState: 3
  m_MinimumChartSize: 4
  m_AutoUVMaxDistance: 0.5
  m_AutoUVMaxAngle: 89
  m_LightmapParameters: {fileID: 0}
  m_SortingLayerID: 0
  m_SortingLayer: 0
  m_SortingOrder: 0
--- !u!65 &1055525913
BoxCollider:
  m_ObjectHideFlags: 0
  m_PrefabParentObject: {fileID: 65386842503620734, guid: 0259f61cb02836e4fbedf96d1d5317b1,
    type: 2}
  m_PrefabInternal: {fileID: 0}
  m_GameObject: {fileID: 1055525909}
  m_Material: {fileID: 0}
  m_IsTrigger: 0
  m_Enabled: 1
  serializedVersion: 2
  m_Size: {x: 1, y: 1, z: 1}
  m_Center: {x: 0, y: 0, z: 0}
--- !u!33 &1055525914
MeshFilter:
  m_ObjectHideFlags: 0
  m_PrefabParentObject: {fileID: 33710516849786568, guid: 0259f61cb02836e4fbedf96d1d5317b1,
    type: 2}
  m_PrefabInternal: {fileID: 0}
  m_GameObject: {fileID: 1055525909}
  m_Mesh: {fileID: 10202, guid: 0000000000000000e000000000000000, type: 0}
--- !u!1 &1066071051
GameObject:
  m_ObjectHideFlags: 0
  m_PrefabParentObject: {fileID: 1931220890465516, guid: 46fbef7ca33a0104287a2f6b3bd1d778,
    type: 2}
  m_PrefabInternal: {fileID: 0}
  serializedVersion: 5
  m_Component:
  - component: {fileID: 1066071053}
  - component: {fileID: 1066071052}
  m_Layer: 0
  m_Name: AllySpawnerGroup
  m_TagString: Untagged
  m_Icon: {fileID: 0}
  m_NavMeshLayer: 0
  m_StaticEditorFlags: 0
  m_IsActive: 1
--- !u!114 &1066071052
MonoBehaviour:
  m_ObjectHideFlags: 0
  m_PrefabParentObject: {fileID: 114875519532693790, guid: 46fbef7ca33a0104287a2f6b3bd1d778,
    type: 2}
  m_PrefabInternal: {fileID: 0}
  m_GameObject: {fileID: 1066071051}
  m_Enabled: 1
  m_EditorHideFlags: 0
  m_Script: {fileID: 11500000, guid: 14f1a5e8d3920984f8a3bb0c967736de, type: 3}
  m_Name: 
  m_EditorClassIdentifier: 
  data: {fileID: 0}
  vehicles:
  - {fileID: 4244776827908882, guid: c9e3c33623438ba489e29e8040de2c84, type: 2}
  - {fileID: 4972127608183456, guid: ce29004cbdd3f06409a6c59ba2c8ba1e, type: 2}
  - {fileID: 4638382177608406, guid: c55a2408cc157034d888cd3550ee8689, type: 2}
  team: 0
  spawnPoints:
  - {fileID: 474747067}
  - {fileID: 669297121}
  firstDelay: 5
  spawnPeriod: 10
  spawnSpread: {x: 0, y: 0}
--- !u!4 &1066071053
Transform:
  m_ObjectHideFlags: 0
  m_PrefabParentObject: {fileID: 4053319070482694, guid: 46fbef7ca33a0104287a2f6b3bd1d778,
    type: 2}
  m_PrefabInternal: {fileID: 0}
  m_GameObject: {fileID: 1066071051}
  m_LocalRotation: {x: 0, y: 0, z: 0, w: 1}
  m_LocalPosition: {x: 338.9, y: 26.17, z: 235.9}
  m_LocalScale: {x: 1, y: 1, z: 1}
  m_Children:
  - {fileID: 474747067}
  - {fileID: 105778920}
  - {fileID: 669297121}
  - {fileID: 1908594017}
  m_Father: {fileID: 0}
  m_RootOrder: 7
  m_LocalEulerAnglesHint: {x: 0, y: 0, z: 0}
--- !u!1001 &1198039310
Prefab:
  m_ObjectHideFlags: 0
  serializedVersion: 2
  m_Modification:
    m_TransformParent: {fileID: 0}
    m_Modifications:
    - target: {fileID: 114161887281039124, guid: 0259f61cb02836e4fbedf96d1d5317b1,
        type: 2}
      propertyPath: spawnPoints.Array.size
      value: 3
      objectReference: {fileID: 0}
    - target: {fileID: 114303087165567730, guid: 0259f61cb02836e4fbedf96d1d5317b1,
        type: 2}
      propertyPath: nextWaypoint.Array.size
      value: 1
      objectReference: {fileID: 0}
    - target: {fileID: 114084757568703574, guid: 0259f61cb02836e4fbedf96d1d5317b1,
        type: 2}
      propertyPath: nextWaypoint.Array.size
      value: 2
      objectReference: {fileID: 0}
    - target: {fileID: 4021596591699406, guid: 0259f61cb02836e4fbedf96d1d5317b1, type: 2}
      propertyPath: m_LocalPosition.x
      value: 446.8
      objectReference: {fileID: 0}
    - target: {fileID: 4021596591699406, guid: 0259f61cb02836e4fbedf96d1d5317b1, type: 2}
      propertyPath: m_LocalPosition.y
      value: 20.948544
      objectReference: {fileID: 0}
    - target: {fileID: 4021596591699406, guid: 0259f61cb02836e4fbedf96d1d5317b1, type: 2}
      propertyPath: m_LocalPosition.z
      value: 436.5433
      objectReference: {fileID: 0}
    - target: {fileID: 4021596591699406, guid: 0259f61cb02836e4fbedf96d1d5317b1, type: 2}
      propertyPath: m_LocalRotation.x
      value: 0
      objectReference: {fileID: 0}
    - target: {fileID: 4021596591699406, guid: 0259f61cb02836e4fbedf96d1d5317b1, type: 2}
      propertyPath: m_LocalRotation.y
      value: 0
      objectReference: {fileID: 0}
    - target: {fileID: 4021596591699406, guid: 0259f61cb02836e4fbedf96d1d5317b1, type: 2}
      propertyPath: m_LocalRotation.z
      value: 0
      objectReference: {fileID: 0}
    - target: {fileID: 4021596591699406, guid: 0259f61cb02836e4fbedf96d1d5317b1, type: 2}
      propertyPath: m_LocalRotation.w
      value: 1
      objectReference: {fileID: 0}
    - target: {fileID: 4021596591699406, guid: 0259f61cb02836e4fbedf96d1d5317b1, type: 2}
      propertyPath: m_RootOrder
      value: 2
      objectReference: {fileID: 0}
    - target: {fileID: 1367958895947810, guid: 0259f61cb02836e4fbedf96d1d5317b1, type: 2}
      propertyPath: m_Name
      value: EnemySpawnerGroup
      objectReference: {fileID: 0}
    - target: {fileID: 114161887281039124, guid: 0259f61cb02836e4fbedf96d1d5317b1,
        type: 2}
      propertyPath: data
      value: 
      objectReference: {fileID: 11400000, guid: 133a75a076f17244c966925f515d4bcb,
        type: 2}
    - target: {fileID: 4698164000405108, guid: 0259f61cb02836e4fbedf96d1d5317b1, type: 2}
      propertyPath: m_LocalPosition.x
      value: 29.2
      objectReference: {fileID: 0}
    - target: {fileID: 4698164000405108, guid: 0259f61cb02836e4fbedf96d1d5317b1, type: 2}
      propertyPath: m_LocalPosition.z
      value: 38.8
      objectReference: {fileID: 0}
    - target: {fileID: 4234646135362974, guid: 0259f61cb02836e4fbedf96d1d5317b1, type: 2}
      propertyPath: m_LocalPosition.x
      value: -171.08
      objectReference: {fileID: 0}
    - target: {fileID: 4234646135362974, guid: 0259f61cb02836e4fbedf96d1d5317b1, type: 2}
      propertyPath: m_LocalPosition.z
      value: 31.14
      objectReference: {fileID: 0}
    - target: {fileID: 4234646135362974, guid: 0259f61cb02836e4fbedf96d1d5317b1, type: 2}
      propertyPath: m_LocalRotation.y
      value: 0.9985998
      objectReference: {fileID: 0}
    - target: {fileID: 4234646135362974, guid: 0259f61cb02836e4fbedf96d1d5317b1, type: 2}
      propertyPath: m_LocalRotation.w
      value: -0.052899443
      objectReference: {fileID: 0}
    - target: {fileID: 4234646135362974, guid: 0259f61cb02836e4fbedf96d1d5317b1, type: 2}
      propertyPath: m_LocalEulerAnglesHint.y
      value: 186.06499
      objectReference: {fileID: 0}
    - target: {fileID: 114303087165567730, guid: 0259f61cb02836e4fbedf96d1d5317b1,
        type: 2}
      propertyPath: nextWaypoint.Array.data[0]
      value: 
      objectReference: {fileID: 213931496}
    - target: {fileID: 114161887281039124, guid: 0259f61cb02836e4fbedf96d1d5317b1,
        type: 2}
      propertyPath: m_Enabled
      value: 1
      objectReference: {fileID: 0}
    - target: {fileID: 4698164000405108, guid: 0259f61cb02836e4fbedf96d1d5317b1, type: 2}
      propertyPath: m_LocalPosition.y
      value: 0.63
      objectReference: {fileID: 0}
    - target: {fileID: 4234646135362974, guid: 0259f61cb02836e4fbedf96d1d5317b1, type: 2}
      propertyPath: m_RootOrder
      value: 2
      objectReference: {fileID: 0}
    - target: {fileID: 4698164000405108, guid: 0259f61cb02836e4fbedf96d1d5317b1, type: 2}
      propertyPath: m_RootOrder
      value: 0
      objectReference: {fileID: 0}
    - target: {fileID: 114084757568703574, guid: 0259f61cb02836e4fbedf96d1d5317b1,
        type: 2}
      propertyPath: nextWaypoint.Array.data[0]
      value: 
      objectReference: {fileID: 1925861665}
    - target: {fileID: 114161887281039124, guid: 0259f61cb02836e4fbedf96d1d5317b1,
        type: 2}
      propertyPath: spawnSpread.x
      value: 5
      objectReference: {fileID: 0}
    - target: {fileID: 114161887281039124, guid: 0259f61cb02836e4fbedf96d1d5317b1,
        type: 2}
      propertyPath: spawnSpread.y
      value: 5
      objectReference: {fileID: 0}
    - target: {fileID: 4698164000405108, guid: 0259f61cb02836e4fbedf96d1d5317b1, type: 2}
      propertyPath: m_LocalRotation.y
      value: 0.8439527
      objectReference: {fileID: 0}
    - target: {fileID: 4698164000405108, guid: 0259f61cb02836e4fbedf96d1d5317b1, type: 2}
      propertyPath: m_LocalRotation.w
      value: -0.53641766
      objectReference: {fileID: 0}
    - target: {fileID: 4698164000405108, guid: 0259f61cb02836e4fbedf96d1d5317b1, type: 2}
      propertyPath: m_LocalEulerAnglesHint.y
      value: 244.88
      objectReference: {fileID: 0}
    - target: {fileID: 114084757568703574, guid: 0259f61cb02836e4fbedf96d1d5317b1,
        type: 2}
      propertyPath: nextWaypoint.Array.data[1]
      value: 
      objectReference: {fileID: 1055525910}
    - target: {fileID: 114161887281039124, guid: 0259f61cb02836e4fbedf96d1d5317b1,
        type: 2}
      propertyPath: spawnPoints.Array.data[2]
      value: 
      objectReference: {fileID: 320396759}
    - target: {fileID: 4234646135362974, guid: 0259f61cb02836e4fbedf96d1d5317b1, type: 2}
      propertyPath: m_LocalPosition.y
      value: 0.7
      objectReference: {fileID: 0}
    m_RemovedComponents: []
  m_ParentPrefab: {fileID: 100100000, guid: 0259f61cb02836e4fbedf96d1d5317b1, type: 2}
  m_IsPrefabParent: 0
--- !u!4 &1198039311 stripped
Transform:
  m_PrefabParentObject: {fileID: 4021596591699406, guid: 0259f61cb02836e4fbedf96d1d5317b1,
    type: 2}
  m_PrefabInternal: {fileID: 1198039310}
--- !u!1 &1241837495 stripped
GameObject:
  m_PrefabParentObject: {fileID: 1278622337279398, guid: 85b8458df3328674a9d444dbe1d74f1d,
    type: 2}
  m_PrefabInternal: {fileID: 1608917123}
--- !u!114 &1241837496
MonoBehaviour:
  m_ObjectHideFlags: 0
  m_PrefabParentObject: {fileID: 0}
  m_PrefabInternal: {fileID: 0}
  m_GameObject: {fileID: 1241837495}
  m_Enabled: 1
  m_EditorHideFlags: 0
  m_Script: {fileID: 11500000, guid: ff26db721962cdf4a8edcdfa9a767d2a, type: 3}
  m_Name: 
  m_EditorClassIdentifier: 
  profile: {fileID: 11400000, guid: 2b1da1f0af1c60940aef91f3940469b1, type: 2}
--- !u!1001 &1352958485
Prefab:
  m_ObjectHideFlags: 0
  serializedVersion: 2
  m_Modification:
    m_TransformParent: {fileID: 0}
    m_Modifications:
    - target: {fileID: 4433952041344256, guid: 70b8ab059fb087144817ad82f503b3f4, type: 2}
      propertyPath: m_LocalPosition.x
      value: 327.35867
      objectReference: {fileID: 0}
    - target: {fileID: 4433952041344256, guid: 70b8ab059fb087144817ad82f503b3f4, type: 2}
      propertyPath: m_LocalPosition.y
      value: 21.99
      objectReference: {fileID: 0}
    - target: {fileID: 4433952041344256, guid: 70b8ab059fb087144817ad82f503b3f4, type: 2}
      propertyPath: m_LocalPosition.z
      value: 333.8843
      objectReference: {fileID: 0}
    - target: {fileID: 4433952041344256, guid: 70b8ab059fb087144817ad82f503b3f4, type: 2}
      propertyPath: m_LocalRotation.x
      value: 0
      objectReference: {fileID: 0}
    - target: {fileID: 4433952041344256, guid: 70b8ab059fb087144817ad82f503b3f4, type: 2}
      propertyPath: m_LocalRotation.y
      value: 0
      objectReference: {fileID: 0}
    - target: {fileID: 4433952041344256, guid: 70b8ab059fb087144817ad82f503b3f4, type: 2}
      propertyPath: m_LocalRotation.z
      value: 0
      objectReference: {fileID: 0}
    - target: {fileID: 4433952041344256, guid: 70b8ab059fb087144817ad82f503b3f4, type: 2}
      propertyPath: m_LocalRotation.w
      value: 1
      objectReference: {fileID: 0}
    - target: {fileID: 4433952041344256, guid: 70b8ab059fb087144817ad82f503b3f4, type: 2}
      propertyPath: m_RootOrder
      value: 1
      objectReference: {fileID: 0}
    - target: {fileID: 4433952041344256, guid: 70b8ab059fb087144817ad82f503b3f4, type: 2}
      propertyPath: m_LocalEulerAnglesHint.y
      value: 0
      objectReference: {fileID: 0}
    m_RemovedComponents: []
  m_ParentPrefab: {fileID: 100100000, guid: 70b8ab059fb087144817ad82f503b3f4, type: 2}
  m_IsPrefabParent: 0
--- !u!1001 &1388008480
Prefab:
  m_ObjectHideFlags: 0
  serializedVersion: 2
  m_Modification:
    m_TransformParent: {fileID: 0}
    m_Modifications:
    - target: {fileID: 4180872895860772, guid: b1e13c14c53f59242841a1b3ced8b3c7, type: 2}
      propertyPath: m_LocalPosition.x
      value: 407.1308
      objectReference: {fileID: 0}
    - target: {fileID: 4180872895860772, guid: b1e13c14c53f59242841a1b3ced8b3c7, type: 2}
      propertyPath: m_LocalPosition.y
      value: 35.5541
      objectReference: {fileID: 0}
    - target: {fileID: 4180872895860772, guid: b1e13c14c53f59242841a1b3ced8b3c7, type: 2}
      propertyPath: m_LocalPosition.z
      value: 453.32516
      objectReference: {fileID: 0}
    - target: {fileID: 4180872895860772, guid: b1e13c14c53f59242841a1b3ced8b3c7, type: 2}
      propertyPath: m_LocalRotation.x
      value: 0
      objectReference: {fileID: 0}
    - target: {fileID: 4180872895860772, guid: b1e13c14c53f59242841a1b3ced8b3c7, type: 2}
      propertyPath: m_LocalRotation.y
      value: 0
      objectReference: {fileID: 0}
    - target: {fileID: 4180872895860772, guid: b1e13c14c53f59242841a1b3ced8b3c7, type: 2}
      propertyPath: m_LocalRotation.z
      value: 0
      objectReference: {fileID: 0}
    - target: {fileID: 4180872895860772, guid: b1e13c14c53f59242841a1b3ced8b3c7, type: 2}
      propertyPath: m_LocalRotation.w
      value: 1
      objectReference: {fileID: 0}
    - target: {fileID: 4180872895860772, guid: b1e13c14c53f59242841a1b3ced8b3c7, type: 2}
      propertyPath: m_RootOrder
      value: 6
      objectReference: {fileID: 0}
    - target: {fileID: 114053576884806854, guid: b1e13c14c53f59242841a1b3ced8b3c7,
        type: 2}
      propertyPath: aircraftProjectile
      value: 
      objectReference: {fileID: 198775507975245438, guid: 2e8216defd80ba44493e2cbbdcf37b31,
        type: 2}
    m_RemovedComponents: []
  m_ParentPrefab: {fileID: 100100000, guid: b1e13c14c53f59242841a1b3ced8b3c7, type: 2}
  m_IsPrefabParent: 0
--- !u!1 &1508161405
GameObject:
  m_ObjectHideFlags: 0
  m_PrefabParentObject: {fileID: 1753217550026484, guid: 0259f61cb02836e4fbedf96d1d5317b1,
    type: 2}
  m_PrefabInternal: {fileID: 0}
  serializedVersion: 5
  m_Component:
  - component: {fileID: 1508161406}
  - component: {fileID: 1508161410}
  - component: {fileID: 1508161409}
  - component: {fileID: 1508161408}
  - component: {fileID: 1508161407}
  m_Layer: 1
  m_Name: Enemy Spawnpoint (11)
  m_TagString: Untagged
  m_Icon: {fileID: 0}
  m_NavMeshLayer: 0
  m_StaticEditorFlags: 0
  m_IsActive: 1
--- !u!4 &1508161406
Transform:
  m_ObjectHideFlags: 0
  m_PrefabParentObject: {fileID: 4698164000405108, guid: 0259f61cb02836e4fbedf96d1d5317b1,
    type: 2}
  m_PrefabInternal: {fileID: 0}
  m_GameObject: {fileID: 1508161405}
  m_LocalRotation: {x: -0, y: 0.4064841, z: -0, w: 0.91365784}
  m_LocalPosition: {x: -40.1, y: 0.62999916, z: 38.4}
  m_LocalScale: {x: 1, y: 1, z: 1}
  m_Children: []
  m_Father: {fileID: 1198039311}
  m_RootOrder: 8
  m_LocalEulerAnglesHint: {x: 0, y: 47.968002, z: 0}
--- !u!114 &1508161407
MonoBehaviour:
  m_ObjectHideFlags: 0
  m_PrefabParentObject: {fileID: 114084757568703574, guid: 0259f61cb02836e4fbedf96d1d5317b1,
    type: 2}
  m_PrefabInternal: {fileID: 0}
  m_GameObject: {fileID: 1508161405}
  m_Enabled: 1
  m_EditorHideFlags: 0
  m_Script: {fileID: 11500000, guid: 5bbf51954c93ec444ac2b2dd1b00491d, type: 3}
  m_Name: 
  m_EditorClassIdentifier: 
  nextWaypoint:
  - {fileID: 205989883}
  previousWaypoint: []
--- !u!23 &1508161408
MeshRenderer:
  m_ObjectHideFlags: 0
  m_PrefabParentObject: {fileID: 23297390475943916, guid: 0259f61cb02836e4fbedf96d1d5317b1,
    type: 2}
  m_PrefabInternal: {fileID: 0}
  m_GameObject: {fileID: 1508161405}
  m_Enabled: 1
  m_CastShadows: 1
  m_ReceiveShadows: 1
  m_MotionVectors: 1
  m_LightProbeUsage: 1
  m_ReflectionProbeUsage: 1
  m_Materials:
  - {fileID: 2100000, guid: c8cb0324216cd1248ae1a1df4b73f948, type: 2}
  m_StaticBatchInfo:
    firstSubMesh: 0
    subMeshCount: 0
  m_StaticBatchRoot: {fileID: 0}
  m_ProbeAnchor: {fileID: 0}
  m_LightProbeVolumeOverride: {fileID: 0}
  m_ScaleInLightmap: 1
  m_PreserveUVs: 1
  m_IgnoreNormalsForChartDetection: 0
  m_ImportantGI: 0
  m_SelectedEditorRenderState: 3
  m_MinimumChartSize: 4
  m_AutoUVMaxDistance: 0.5
  m_AutoUVMaxAngle: 89
  m_LightmapParameters: {fileID: 0}
  m_SortingLayerID: 0
  m_SortingLayer: 0
  m_SortingOrder: 0
--- !u!65 &1508161409
BoxCollider:
  m_ObjectHideFlags: 0
  m_PrefabParentObject: {fileID: 65386842503620734, guid: 0259f61cb02836e4fbedf96d1d5317b1,
    type: 2}
  m_PrefabInternal: {fileID: 0}
  m_GameObject: {fileID: 1508161405}
  m_Material: {fileID: 0}
  m_IsTrigger: 0
  m_Enabled: 1
  serializedVersion: 2
  m_Size: {x: 1, y: 1, z: 1}
  m_Center: {x: 0, y: 0, z: 0}
--- !u!33 &1508161410
MeshFilter:
  m_ObjectHideFlags: 0
  m_PrefabParentObject: {fileID: 33710516849786568, guid: 0259f61cb02836e4fbedf96d1d5317b1,
    type: 2}
  m_PrefabInternal: {fileID: 0}
  m_GameObject: {fileID: 1508161405}
  m_Mesh: {fileID: 10202, guid: 0000000000000000e000000000000000, type: 0}
--- !u!1001 &1608917123
Prefab:
  m_ObjectHideFlags: 0
  serializedVersion: 2
  m_Modification:
    m_TransformParent: {fileID: 0}
    m_Modifications:
    - target: {fileID: 4805037683104130, guid: 85b8458df3328674a9d444dbe1d74f1d, type: 2}
      propertyPath: m_LocalPosition.x
      value: 323.02618
      objectReference: {fileID: 0}
    - target: {fileID: 4805037683104130, guid: 85b8458df3328674a9d444dbe1d74f1d, type: 2}
      propertyPath: m_LocalPosition.y
      value: 25.140247
      objectReference: {fileID: 0}
    - target: {fileID: 4805037683104130, guid: 85b8458df3328674a9d444dbe1d74f1d, type: 2}
      propertyPath: m_LocalPosition.z
      value: 328.4117
      objectReference: {fileID: 0}
    - target: {fileID: 4805037683104130, guid: 85b8458df3328674a9d444dbe1d74f1d, type: 2}
      propertyPath: m_LocalRotation.x
      value: -0.082610235
      objectReference: {fileID: 0}
    - target: {fileID: 4805037683104130, guid: 85b8458df3328674a9d444dbe1d74f1d, type: 2}
      propertyPath: m_LocalRotation.y
      value: -0.28836378
      objectReference: {fileID: 0}
    - target: {fileID: 4805037683104130, guid: 85b8458df3328674a9d444dbe1d74f1d, type: 2}
      propertyPath: m_LocalRotation.z
      value: 0.024979759
      objectReference: {fileID: 0}
    - target: {fileID: 4805037683104130, guid: 85b8458df3328674a9d444dbe1d74f1d, type: 2}
      propertyPath: m_LocalRotation.w
      value: -0.9536236
      objectReference: {fileID: 0}
    - target: {fileID: 4805037683104130, guid: 85b8458df3328674a9d444dbe1d74f1d, type: 2}
      propertyPath: m_RootOrder
      value: 0
      objectReference: {fileID: 0}
    - target: {fileID: 45812177591111074, guid: 85b8458df3328674a9d444dbe1d74f1d,
        type: 2}
      propertyPath: m_CustomSkybox
      value: 
      objectReference: {fileID: 2100000, guid: fe941c16d5435834592567370c06fdac, type: 2}
    m_RemovedComponents: []
  m_ParentPrefab: {fileID: 100100000, guid: 85b8458df3328674a9d444dbe1d74f1d, type: 2}
  m_IsPrefabParent: 0
--- !u!1001 &1661338846
Prefab:
  m_ObjectHideFlags: 0
  serializedVersion: 2
  m_Modification:
    m_TransformParent: {fileID: 0}
    m_Modifications:
    - target: {fileID: 224971654646173504, guid: 34073582d0294ab42a3b2c20f5b4972a,
        type: 2}
      propertyPath: m_LocalPosition.x
      value: 0
      objectReference: {fileID: 0}
    - target: {fileID: 224971654646173504, guid: 34073582d0294ab42a3b2c20f5b4972a,
        type: 2}
      propertyPath: m_LocalPosition.y
      value: 0
      objectReference: {fileID: 0}
    - target: {fileID: 224971654646173504, guid: 34073582d0294ab42a3b2c20f5b4972a,
        type: 2}
      propertyPath: m_LocalPosition.z
      value: 0
      objectReference: {fileID: 0}
    - target: {fileID: 224971654646173504, guid: 34073582d0294ab42a3b2c20f5b4972a,
        type: 2}
      propertyPath: m_LocalRotation.x
      value: 0
      objectReference: {fileID: 0}
    - target: {fileID: 224971654646173504, guid: 34073582d0294ab42a3b2c20f5b4972a,
        type: 2}
      propertyPath: m_LocalRotation.y
      value: 0
      objectReference: {fileID: 0}
    - target: {fileID: 224971654646173504, guid: 34073582d0294ab42a3b2c20f5b4972a,
        type: 2}
      propertyPath: m_LocalRotation.z
      value: 0
      objectReference: {fileID: 0}
    - target: {fileID: 224971654646173504, guid: 34073582d0294ab42a3b2c20f5b4972a,
        type: 2}
      propertyPath: m_LocalRotation.w
      value: 1
      objectReference: {fileID: 0}
    - target: {fileID: 224971654646173504, guid: 34073582d0294ab42a3b2c20f5b4972a,
        type: 2}
      propertyPath: m_RootOrder
      value: 3
      objectReference: {fileID: 0}
    - target: {fileID: 224971654646173504, guid: 34073582d0294ab42a3b2c20f5b4972a,
        type: 2}
      propertyPath: m_AnchoredPosition.x
      value: 0
      objectReference: {fileID: 0}
    - target: {fileID: 224971654646173504, guid: 34073582d0294ab42a3b2c20f5b4972a,
        type: 2}
      propertyPath: m_AnchoredPosition.y
      value: 0
      objectReference: {fileID: 0}
    - target: {fileID: 224971654646173504, guid: 34073582d0294ab42a3b2c20f5b4972a,
        type: 2}
      propertyPath: m_SizeDelta.x
      value: 0
      objectReference: {fileID: 0}
    - target: {fileID: 224971654646173504, guid: 34073582d0294ab42a3b2c20f5b4972a,
        type: 2}
      propertyPath: m_SizeDelta.y
      value: 0
      objectReference: {fileID: 0}
    - target: {fileID: 224971654646173504, guid: 34073582d0294ab42a3b2c20f5b4972a,
        type: 2}
      propertyPath: m_AnchorMin.x
      value: 0
      objectReference: {fileID: 0}
    - target: {fileID: 224971654646173504, guid: 34073582d0294ab42a3b2c20f5b4972a,
        type: 2}
      propertyPath: m_AnchorMin.y
      value: 0
      objectReference: {fileID: 0}
    - target: {fileID: 224971654646173504, guid: 34073582d0294ab42a3b2c20f5b4972a,
        type: 2}
      propertyPath: m_AnchorMax.x
      value: 0
      objectReference: {fileID: 0}
    - target: {fileID: 224971654646173504, guid: 34073582d0294ab42a3b2c20f5b4972a,
        type: 2}
      propertyPath: m_AnchorMax.y
      value: 0
      objectReference: {fileID: 0}
    - target: {fileID: 224971654646173504, guid: 34073582d0294ab42a3b2c20f5b4972a,
        type: 2}
      propertyPath: m_Pivot.x
      value: 0
      objectReference: {fileID: 0}
    - target: {fileID: 224971654646173504, guid: 34073582d0294ab42a3b2c20f5b4972a,
        type: 2}
      propertyPath: m_Pivot.y
      value: 0
      objectReference: {fileID: 0}
    - target: {fileID: 224456287709732872, guid: 34073582d0294ab42a3b2c20f5b4972a,
        type: 2}
      propertyPath: m_AnchorMax.x
      value: 1
      objectReference: {fileID: 0}
    - target: {fileID: 224456287709732872, guid: 34073582d0294ab42a3b2c20f5b4972a,
        type: 2}
      propertyPath: m_AnchorMax.y
      value: 1
      objectReference: {fileID: 0}
    - target: {fileID: 224699187043248938, guid: 34073582d0294ab42a3b2c20f5b4972a,
        type: 2}
      propertyPath: m_AnchorMin.y
      value: 1
      objectReference: {fileID: 0}
    - target: {fileID: 224699187043248938, guid: 34073582d0294ab42a3b2c20f5b4972a,
        type: 2}
      propertyPath: m_AnchorMax.y
      value: 1
      objectReference: {fileID: 0}
    - target: {fileID: 224699187043248938, guid: 34073582d0294ab42a3b2c20f5b4972a,
        type: 2}
      propertyPath: m_AnchoredPosition.x
      value: 50
      objectReference: {fileID: 0}
    - target: {fileID: 224699187043248938, guid: 34073582d0294ab42a3b2c20f5b4972a,
        type: 2}
      propertyPath: m_AnchoredPosition.y
      value: -83.5
      objectReference: {fileID: 0}
    - target: {fileID: 224699187043248938, guid: 34073582d0294ab42a3b2c20f5b4972a,
        type: 2}
      propertyPath: m_SizeDelta.x
      value: 863.6
      objectReference: {fileID: 0}
    - target: {fileID: 224699187043248938, guid: 34073582d0294ab42a3b2c20f5b4972a,
        type: 2}
      propertyPath: m_SizeDelta.y
      value: 83.5
      objectReference: {fileID: 0}
    - target: {fileID: 224164572087427494, guid: 34073582d0294ab42a3b2c20f5b4972a,
        type: 2}
      propertyPath: m_AnchorMin.y
      value: 1
      objectReference: {fileID: 0}
    - target: {fileID: 224164572087427494, guid: 34073582d0294ab42a3b2c20f5b4972a,
        type: 2}
      propertyPath: m_AnchorMax.y
      value: 1
      objectReference: {fileID: 0}
    - target: {fileID: 224164572087427494, guid: 34073582d0294ab42a3b2c20f5b4972a,
        type: 2}
      propertyPath: m_AnchoredPosition.x
      value: 50
      objectReference: {fileID: 0}
    - target: {fileID: 224164572087427494, guid: 34073582d0294ab42a3b2c20f5b4972a,
        type: 2}
      propertyPath: m_AnchoredPosition.y
      value: -182.9
      objectReference: {fileID: 0}
    - target: {fileID: 224164572087427494, guid: 34073582d0294ab42a3b2c20f5b4972a,
        type: 2}
      propertyPath: m_SizeDelta.x
      value: 863.6
      objectReference: {fileID: 0}
    - target: {fileID: 224164572087427494, guid: 34073582d0294ab42a3b2c20f5b4972a,
        type: 2}
      propertyPath: m_SizeDelta.y
      value: 83.5
      objectReference: {fileID: 0}
    - target: {fileID: 224443702547682338, guid: 34073582d0294ab42a3b2c20f5b4972a,
        type: 2}
      propertyPath: m_AnchorMin.y
      value: 1
      objectReference: {fileID: 0}
    - target: {fileID: 224443702547682338, guid: 34073582d0294ab42a3b2c20f5b4972a,
        type: 2}
      propertyPath: m_AnchorMax.y
      value: 1
      objectReference: {fileID: 0}
    - target: {fileID: 224443702547682338, guid: 34073582d0294ab42a3b2c20f5b4972a,
        type: 2}
      propertyPath: m_AnchoredPosition.x
      value: 50
      objectReference: {fileID: 0}
    - target: {fileID: 224443702547682338, guid: 34073582d0294ab42a3b2c20f5b4972a,
        type: 2}
      propertyPath: m_AnchoredPosition.y
      value: -282.3
      objectReference: {fileID: 0}
    - target: {fileID: 224443702547682338, guid: 34073582d0294ab42a3b2c20f5b4972a,
        type: 2}
      propertyPath: m_SizeDelta.x
      value: 863.6
      objectReference: {fileID: 0}
    - target: {fileID: 224443702547682338, guid: 34073582d0294ab42a3b2c20f5b4972a,
        type: 2}
      propertyPath: m_SizeDelta.y
      value: 83.5
      objectReference: {fileID: 0}
    - target: {fileID: 224169238733555100, guid: 34073582d0294ab42a3b2c20f5b4972a,
        type: 2}
      propertyPath: m_AnchorMin.y
      value: 1
      objectReference: {fileID: 0}
    - target: {fileID: 224169238733555100, guid: 34073582d0294ab42a3b2c20f5b4972a,
        type: 2}
      propertyPath: m_AnchorMax.y
      value: 1
      objectReference: {fileID: 0}
    - target: {fileID: 224169238733555100, guid: 34073582d0294ab42a3b2c20f5b4972a,
        type: 2}
      propertyPath: m_AnchoredPosition.x
      value: 50
      objectReference: {fileID: 0}
    - target: {fileID: 224169238733555100, guid: 34073582d0294ab42a3b2c20f5b4972a,
        type: 2}
      propertyPath: m_AnchoredPosition.y
      value: -381.7
      objectReference: {fileID: 0}
    - target: {fileID: 224169238733555100, guid: 34073582d0294ab42a3b2c20f5b4972a,
        type: 2}
      propertyPath: m_SizeDelta.x
      value: 863.6
      objectReference: {fileID: 0}
    - target: {fileID: 224169238733555100, guid: 34073582d0294ab42a3b2c20f5b4972a,
        type: 2}
      propertyPath: m_SizeDelta.y
      value: 83.5
      objectReference: {fileID: 0}
    - target: {fileID: 224229367709947166, guid: 34073582d0294ab42a3b2c20f5b4972a,
        type: 2}
      propertyPath: m_SizeDelta.y
      value: 0
      objectReference: {fileID: 0}
    - target: {fileID: 224061077349195696, guid: 34073582d0294ab42a3b2c20f5b4972a,
        type: 2}
      propertyPath: m_AnchorMin.y
      value: 1
      objectReference: {fileID: 0}
    - target: {fileID: 224061077349195696, guid: 34073582d0294ab42a3b2c20f5b4972a,
        type: 2}
      propertyPath: m_AnchorMax.y
      value: 1
      objectReference: {fileID: 0}
    - target: {fileID: 224061077349195696, guid: 34073582d0294ab42a3b2c20f5b4972a,
        type: 2}
      propertyPath: m_AnchoredPosition.x
      value: 134.645
      objectReference: {fileID: 0}
    - target: {fileID: 224061077349195696, guid: 34073582d0294ab42a3b2c20f5b4972a,
        type: 2}
      propertyPath: m_AnchoredPosition.y
      value: -73.8
      objectReference: {fileID: 0}
    - target: {fileID: 224061077349195696, guid: 34073582d0294ab42a3b2c20f5b4972a,
        type: 2}
      propertyPath: m_SizeDelta.x
      value: 236.8
      objectReference: {fileID: 0}
    - target: {fileID: 224061077349195696, guid: 34073582d0294ab42a3b2c20f5b4972a,
        type: 2}
      propertyPath: m_SizeDelta.y
      value: 129.6
      objectReference: {fileID: 0}
    - target: {fileID: 224321754075654376, guid: 34073582d0294ab42a3b2c20f5b4972a,
        type: 2}
      propertyPath: m_AnchorMin.y
      value: 1
      objectReference: {fileID: 0}
    - target: {fileID: 224321754075654376, guid: 34073582d0294ab42a3b2c20f5b4972a,
        type: 2}
      propertyPath: m_AnchorMax.y
      value: 1
      objectReference: {fileID: 0}
    - target: {fileID: 224321754075654376, guid: 34073582d0294ab42a3b2c20f5b4972a,
        type: 2}
      propertyPath: m_AnchoredPosition.x
      value: 134.645
      objectReference: {fileID: 0}
    - target: {fileID: 224321754075654376, guid: 34073582d0294ab42a3b2c20f5b4972a,
        type: 2}
      propertyPath: m_AnchoredPosition.y
      value: -206.00002
      objectReference: {fileID: 0}
    - target: {fileID: 224321754075654376, guid: 34073582d0294ab42a3b2c20f5b4972a,
        type: 2}
      propertyPath: m_SizeDelta.x
      value: 236.8
      objectReference: {fileID: 0}
    - target: {fileID: 224321754075654376, guid: 34073582d0294ab42a3b2c20f5b4972a,
        type: 2}
      propertyPath: m_SizeDelta.y
      value: 129.6
      objectReference: {fileID: 0}
    - target: {fileID: 224634256214291198, guid: 34073582d0294ab42a3b2c20f5b4972a,
        type: 2}
      propertyPath: m_AnchorMin.y
      value: 1
      objectReference: {fileID: 0}
    - target: {fileID: 224634256214291198, guid: 34073582d0294ab42a3b2c20f5b4972a,
        type: 2}
      propertyPath: m_AnchorMax.y
      value: 1
      objectReference: {fileID: 0}
    - target: {fileID: 224634256214291198, guid: 34073582d0294ab42a3b2c20f5b4972a,
        type: 2}
      propertyPath: m_AnchoredPosition.x
      value: 134.645
      objectReference: {fileID: 0}
    - target: {fileID: 224634256214291198, guid: 34073582d0294ab42a3b2c20f5b4972a,
        type: 2}
      propertyPath: m_AnchoredPosition.y
      value: -338.2
      objectReference: {fileID: 0}
    - target: {fileID: 224634256214291198, guid: 34073582d0294ab42a3b2c20f5b4972a,
        type: 2}
      propertyPath: m_SizeDelta.x
      value: 236.8
      objectReference: {fileID: 0}
    - target: {fileID: 224634256214291198, guid: 34073582d0294ab42a3b2c20f5b4972a,
        type: 2}
      propertyPath: m_SizeDelta.y
      value: 129.6
      objectReference: {fileID: 0}
    m_RemovedComponents: []
  m_ParentPrefab: {fileID: 100100000, guid: 34073582d0294ab42a3b2c20f5b4972a, type: 2}
  m_IsPrefabParent: 0
--- !u!1 &1908594016
GameObject:
  m_ObjectHideFlags: 0
  m_PrefabParentObject: {fileID: 1577130156293356, guid: 46fbef7ca33a0104287a2f6b3bd1d778,
    type: 2}
  m_PrefabInternal: {fileID: 0}
  serializedVersion: 5
  m_Component:
  - component: {fileID: 1908594017}
  - component: {fileID: 1908594021}
  - component: {fileID: 1908594020}
  - component: {fileID: 1908594019}
  - component: {fileID: 1908594018}
  m_Layer: 1
  m_Name: Ally Waypoint (2)
  m_TagString: Untagged
  m_Icon: {fileID: 0}
  m_NavMeshLayer: 0
  m_StaticEditorFlags: 4294967295
  m_IsActive: 1
--- !u!4 &1908594017
Transform:
  m_ObjectHideFlags: 0
  m_PrefabParentObject: {fileID: 4306662478121434, guid: 46fbef7ca33a0104287a2f6b3bd1d778,
    type: 2}
  m_PrefabInternal: {fileID: 0}
  m_GameObject: {fileID: 1908594016}
  m_LocalRotation: {x: -0, y: -0.0016740251, z: -0, w: 0.9999986}
  m_LocalPosition: {x: 20.1, y: -4.1900005, z: 101.6}
  m_LocalScale: {x: 1, y: 1, z: 1}
  m_Children: []
  m_Father: {fileID: 1066071053}
  m_RootOrder: 3
  m_LocalEulerAnglesHint: {x: 0, y: -0.192, z: 0}
--- !u!114 &1908594018
MonoBehaviour:
  m_ObjectHideFlags: 0
  m_PrefabParentObject: {fileID: 114683416046775400, guid: 46fbef7ca33a0104287a2f6b3bd1d778,
    type: 2}
  m_PrefabInternal: {fileID: 0}
  m_GameObject: {fileID: 1908594016}
  m_Enabled: 1
  m_EditorHideFlags: 0
  m_Script: {fileID: 11500000, guid: 5bbf51954c93ec444ac2b2dd1b00491d, type: 3}
  m_Name: 
  m_EditorClassIdentifier: 
  nextWaypoint: []
  previousWaypoint: []
--- !u!23 &1908594019
MeshRenderer:
  m_ObjectHideFlags: 0
  m_PrefabParentObject: {fileID: 23931133038689160, guid: 46fbef7ca33a0104287a2f6b3bd1d778,
    type: 2}
  m_PrefabInternal: {fileID: 0}
  m_GameObject: {fileID: 1908594016}
  m_Enabled: 1
  m_CastShadows: 1
  m_ReceiveShadows: 1
  m_MotionVectors: 1
  m_LightProbeUsage: 1
  m_ReflectionProbeUsage: 1
  m_Materials:
  - {fileID: 2100000, guid: bc08ec6622b1bd347be9734abf4ce1ad, type: 2}
  m_StaticBatchInfo:
    firstSubMesh: 0
    subMeshCount: 0
  m_StaticBatchRoot: {fileID: 0}
  m_ProbeAnchor: {fileID: 0}
  m_LightProbeVolumeOverride: {fileID: 0}
  m_ScaleInLightmap: 1
  m_PreserveUVs: 1
  m_IgnoreNormalsForChartDetection: 0
  m_ImportantGI: 0
  m_SelectedEditorRenderState: 3
  m_MinimumChartSize: 4
  m_AutoUVMaxDistance: 0.5
  m_AutoUVMaxAngle: 89
  m_LightmapParameters: {fileID: 0}
  m_SortingLayerID: 0
  m_SortingLayer: 0
  m_SortingOrder: 0
--- !u!65 &1908594020
BoxCollider:
  m_ObjectHideFlags: 0
  m_PrefabParentObject: {fileID: 65246595097969734, guid: 46fbef7ca33a0104287a2f6b3bd1d778,
    type: 2}
  m_PrefabInternal: {fileID: 0}
  m_GameObject: {fileID: 1908594016}
  m_Material: {fileID: 0}
  m_IsTrigger: 0
  m_Enabled: 1
  serializedVersion: 2
  m_Size: {x: 1, y: 1, z: 1}
  m_Center: {x: 0, y: 0, z: 0}
--- !u!33 &1908594021
MeshFilter:
  m_ObjectHideFlags: 0
  m_PrefabParentObject: {fileID: 33897147128411238, guid: 46fbef7ca33a0104287a2f6b3bd1d778,
    type: 2}
  m_PrefabInternal: {fileID: 0}
  m_GameObject: {fileID: 1908594016}
  m_Mesh: {fileID: 10202, guid: 0000000000000000e000000000000000, type: 0}
--- !u!1 &1925861664
GameObject:
  m_ObjectHideFlags: 0
  m_PrefabParentObject: {fileID: 1753217550026484, guid: 0259f61cb02836e4fbedf96d1d5317b1,
    type: 2}
  m_PrefabInternal: {fileID: 0}
  serializedVersion: 5
  m_Component:
  - component: {fileID: 1925861665}
  - component: {fileID: 1925861669}
  - component: {fileID: 1925861668}
  - component: {fileID: 1925861667}
  - component: {fileID: 1925861666}
  m_Layer: 1
  m_Name: Enemy Spawnpoint (7)
  m_TagString: Untagged
  m_Icon: {fileID: 0}
  m_NavMeshLayer: 0
  m_StaticEditorFlags: 0
  m_IsActive: 1
--- !u!4 &1925861665
Transform:
  m_ObjectHideFlags: 0
  m_PrefabParentObject: {fileID: 4698164000405108, guid: 0259f61cb02836e4fbedf96d1d5317b1,
    type: 2}
  m_PrefabInternal: {fileID: 0}
  m_GameObject: {fileID: 1925861664}
  m_LocalRotation: {x: -0, y: 0.4064841, z: -0, w: 0.91365784}
  m_LocalPosition: {x: 24.7, y: 0.62999916, z: -17.9}
  m_LocalScale: {x: 1, y: 1, z: 1}
  m_Children: []
  m_Father: {fileID: 1198039311}
  m_RootOrder: 1
  m_LocalEulerAnglesHint: {x: 0, y: 47.968002, z: 0}
--- !u!114 &1925861666
MonoBehaviour:
  m_ObjectHideFlags: 0
  m_PrefabParentObject: {fileID: 114084757568703574, guid: 0259f61cb02836e4fbedf96d1d5317b1,
    type: 2}
  m_PrefabInternal: {fileID: 0}
  m_GameObject: {fileID: 1925861664}
  m_Enabled: 1
  m_EditorHideFlags: 0
  m_Script: {fileID: 11500000, guid: 5bbf51954c93ec444ac2b2dd1b00491d, type: 3}
  m_Name: 
  m_EditorClassIdentifier: 
  nextWaypoint:
  - {fileID: 1999562000}
  previousWaypoint: []
--- !u!23 &1925861667
MeshRenderer:
  m_ObjectHideFlags: 0
  m_PrefabParentObject: {fileID: 23297390475943916, guid: 0259f61cb02836e4fbedf96d1d5317b1,
    type: 2}
  m_PrefabInternal: {fileID: 0}
  m_GameObject: {fileID: 1925861664}
  m_Enabled: 1
  m_CastShadows: 1
  m_ReceiveShadows: 1
  m_MotionVectors: 1
  m_LightProbeUsage: 1
  m_ReflectionProbeUsage: 1
  m_Materials:
  - {fileID: 2100000, guid: c8cb0324216cd1248ae1a1df4b73f948, type: 2}
  m_StaticBatchInfo:
    firstSubMesh: 0
    subMeshCount: 0
  m_StaticBatchRoot: {fileID: 0}
  m_ProbeAnchor: {fileID: 0}
  m_LightProbeVolumeOverride: {fileID: 0}
  m_ScaleInLightmap: 1
  m_PreserveUVs: 1
  m_IgnoreNormalsForChartDetection: 0
  m_ImportantGI: 0
  m_SelectedEditorRenderState: 3
  m_MinimumChartSize: 4
  m_AutoUVMaxDistance: 0.5
  m_AutoUVMaxAngle: 89
  m_LightmapParameters: {fileID: 0}
  m_SortingLayerID: 0
  m_SortingLayer: 0
  m_SortingOrder: 0
--- !u!65 &1925861668
BoxCollider:
  m_ObjectHideFlags: 0
  m_PrefabParentObject: {fileID: 65386842503620734, guid: 0259f61cb02836e4fbedf96d1d5317b1,
    type: 2}
  m_PrefabInternal: {fileID: 0}
  m_GameObject: {fileID: 1925861664}
  m_Material: {fileID: 0}
  m_IsTrigger: 0
  m_Enabled: 1
  serializedVersion: 2
  m_Size: {x: 1, y: 1, z: 1}
  m_Center: {x: 0, y: 0, z: 0}
--- !u!33 &1925861669
MeshFilter:
  m_ObjectHideFlags: 0
  m_PrefabParentObject: {fileID: 33710516849786568, guid: 0259f61cb02836e4fbedf96d1d5317b1,
    type: 2}
  m_PrefabInternal: {fileID: 0}
  m_GameObject: {fileID: 1925861664}
  m_Mesh: {fileID: 10202, guid: 0000000000000000e000000000000000, type: 0}
--- !u!1 &1963883893
GameObject:
  m_ObjectHideFlags: 0
  m_PrefabParentObject: {fileID: 0}
  m_PrefabInternal: {fileID: 0}
  serializedVersion: 5
  m_Component:
  - component: {fileID: 1963883895}
  - component: {fileID: 1963883894}
  m_Layer: 0
  m_Name: Directional Light
  m_TagString: Untagged
  m_Icon: {fileID: 0}
  m_NavMeshLayer: 0
  m_StaticEditorFlags: 0
  m_IsActive: 1
--- !u!108 &1963883894
Light:
  m_ObjectHideFlags: 0
  m_PrefabParentObject: {fileID: 0}
  m_PrefabInternal: {fileID: 0}
  m_GameObject: {fileID: 1963883893}
  m_Enabled: 1
  serializedVersion: 8
  m_Type: 1
  m_Color: {r: 1, g: 0.88808393, b: 0.6691176, a: 1}
  m_Intensity: 2
  m_Range: 10
  m_SpotAngle: 30
  m_CookieSize: 10
  m_Shadows:
    m_Type: 1
    m_Resolution: -1
    m_CustomResolution: -1
    m_Strength: 1
    m_Bias: 0.05
    m_NormalBias: 0.4
    m_NearPlane: 0.2
  m_Cookie: {fileID: 0}
  m_DrawHalo: 1
  m_Flare: {fileID: 0}
  m_RenderMode: 0
  m_CullingMask:
    serializedVersion: 2
    m_Bits: 4294967295
  m_Lightmapping: 1
  m_AreaSize: {x: 1, y: 1}
  m_BounceIntensity: 1
  m_ColorTemperature: 6570
  m_UseColorTemperature: 0
  m_ShadowRadius: 0
  m_ShadowAngle: 0
--- !u!4 &1963883895
Transform:
  m_ObjectHideFlags: 0
  m_PrefabParentObject: {fileID: 0}
  m_PrefabInternal: {fileID: 0}
  m_GameObject: {fileID: 1963883893}
  m_LocalRotation: {x: -0.056386717, y: 0.8982052, z: -0.41883862, w: -0.12092213}
  m_LocalPosition: {x: 0, y: 3, z: 0}
  m_LocalScale: {x: 1, y: 1, z: 1}
  m_Children: []
  m_Father: {fileID: 0}
  m_RootOrder: 8
  m_LocalEulerAnglesHint: {x: 50.000004, y: 195.33499, z: 0}
--- !u!1 &1999561999
GameObject:
  m_ObjectHideFlags: 0
  m_PrefabParentObject: {fileID: 1753217550026484, guid: 0259f61cb02836e4fbedf96d1d5317b1,
    type: 2}
  m_PrefabInternal: {fileID: 0}
  serializedVersion: 5
  m_Component:
  - component: {fileID: 1999562000}
  - component: {fileID: 1999562004}
  - component: {fileID: 1999562003}
  - component: {fileID: 1999562002}
  - component: {fileID: 1999562001}
  m_Layer: 1
  m_Name: Enemy Spawnpoint (8)
  m_TagString: Untagged
  m_Icon: {fileID: 0}
  m_NavMeshLayer: 0
  m_StaticEditorFlags: 0
  m_IsActive: 1
--- !u!4 &1999562000
Transform:
  m_ObjectHideFlags: 0
  m_PrefabParentObject: {fileID: 4698164000405108, guid: 0259f61cb02836e4fbedf96d1d5317b1,
    type: 2}
  m_PrefabInternal: {fileID: 0}
  m_GameObject: {fileID: 1999561999}
  m_LocalRotation: {x: -0, y: 0.4064841, z: -0, w: 0.91365784}
  m_LocalPosition: {x: -57, y: 0.62999916, z: -53.3}
  m_LocalScale: {x: 1, y: 1, z: 1}
  m_Children: []
  m_Father: {fileID: 1198039311}
  m_RootOrder: 5
  m_LocalEulerAnglesHint: {x: 0, y: 47.968002, z: 0}
--- !u!114 &1999562001
MonoBehaviour:
  m_ObjectHideFlags: 0
  m_PrefabParentObject: {fileID: 114084757568703574, guid: 0259f61cb02836e4fbedf96d1d5317b1,
    type: 2}
  m_PrefabInternal: {fileID: 0}
  m_GameObject: {fileID: 1999561999}
  m_Enabled: 1
  m_EditorHideFlags: 0
  m_Script: {fileID: 11500000, guid: 5bbf51954c93ec444ac2b2dd1b00491d, type: 3}
  m_Name: 
  m_EditorClassIdentifier: 
  nextWaypoint:
  - {fileID: 377126415}
  previousWaypoint: []
--- !u!23 &1999562002
MeshRenderer:
  m_ObjectHideFlags: 0
  m_PrefabParentObject: {fileID: 23297390475943916, guid: 0259f61cb02836e4fbedf96d1d5317b1,
    type: 2}
  m_PrefabInternal: {fileID: 0}
  m_GameObject: {fileID: 1999561999}
  m_Enabled: 1
  m_CastShadows: 1
  m_ReceiveShadows: 1
  m_MotionVectors: 1
  m_LightProbeUsage: 1
  m_ReflectionProbeUsage: 1
  m_Materials:
  - {fileID: 2100000, guid: c8cb0324216cd1248ae1a1df4b73f948, type: 2}
  m_StaticBatchInfo:
    firstSubMesh: 0
    subMeshCount: 0
  m_StaticBatchRoot: {fileID: 0}
  m_ProbeAnchor: {fileID: 0}
  m_LightProbeVolumeOverride: {fileID: 0}
  m_ScaleInLightmap: 1
  m_PreserveUVs: 1
  m_IgnoreNormalsForChartDetection: 0
  m_ImportantGI: 0
  m_SelectedEditorRenderState: 3
  m_MinimumChartSize: 4
  m_AutoUVMaxDistance: 0.5
  m_AutoUVMaxAngle: 89
  m_LightmapParameters: {fileID: 0}
  m_SortingLayerID: 0
  m_SortingLayer: 0
  m_SortingOrder: 0
--- !u!65 &1999562003
BoxCollider:
  m_ObjectHideFlags: 0
  m_PrefabParentObject: {fileID: 65386842503620734, guid: 0259f61cb02836e4fbedf96d1d5317b1,
    type: 2}
  m_PrefabInternal: {fileID: 0}
  m_GameObject: {fileID: 1999561999}
  m_Material: {fileID: 0}
  m_IsTrigger: 0
  m_Enabled: 1
  serializedVersion: 2
  m_Size: {x: 1, y: 1, z: 1}
  m_Center: {x: 0, y: 0, z: 0}
--- !u!33 &1999562004
MeshFilter:
  m_ObjectHideFlags: 0
  m_PrefabParentObject: {fileID: 33710516849786568, guid: 0259f61cb02836e4fbedf96d1d5317b1,
    type: 2}
  m_PrefabInternal: {fileID: 0}
  m_GameObject: {fileID: 1999561999}
  m_Mesh: {fileID: 10202, guid: 0000000000000000e000000000000000, type: 0}
