%YAML 1.1
%TAG !u! tag:unity3d.com,2011:
--- !u!29 &1
OcclusionCullingSettings:
  m_ObjectHideFlags: 0
  serializedVersion: 2
  m_OcclusionBakeSettings:
    smallestOccluder: 5
    smallestHole: 0.25
    backfaceThreshold: 100
  m_SceneGUID: 00000000000000000000000000000000
  m_OcclusionCullingData: {fileID: 0}
--- !u!104 &2
RenderSettings:
  m_ObjectHideFlags: 0
  serializedVersion: 8
  m_Fog: 0
  m_FogColor: {r: 0.5, g: 0.5, b: 0.5, a: 1}
  m_FogMode: 3
  m_FogDensity: 0.01
  m_LinearFogStart: 0
  m_LinearFogEnd: 300
  m_AmbientSkyColor: {r: 1, g: 0.900519, b: 0.6617647, a: 1}
  m_AmbientEquatorColor: {r: 0.114, g: 0.125, b: 0.133, a: 1}
  m_AmbientGroundColor: {r: 0.047, g: 0.043, b: 0.035, a: 1}
  m_AmbientIntensity: 1
  m_AmbientMode: 0
  m_SubtractiveShadowColor: {r: 0.42, g: 0.478, b: 0.627, a: 1}
  m_SkyboxMaterial: {fileID: 2100000, guid: fc3a49486ea3329469d3f5cc9ddc138c, type: 2}
  m_HaloStrength: 0.5
  m_FlareStrength: 1
  m_FlareFadeSpeed: 3
  m_HaloTexture: {fileID: 0}
  m_SpotCookie: {fileID: 10001, guid: 0000000000000000e000000000000000, type: 0}
  m_DefaultReflectionMode: 0
  m_DefaultReflectionResolution: 128
  m_ReflectionBounces: 1
  m_ReflectionIntensity: 1
  m_CustomReflection: {fileID: 0}
  m_Sun: {fileID: 1963883894}
  m_IndirectSpecularColor: {r: 0, g: 0, b: 0, a: 1}
--- !u!157 &3
LightmapSettings:
  m_ObjectHideFlags: 0
  serializedVersion: 9
  m_GIWorkflowMode: 1
  m_GISettings:
    serializedVersion: 2
    m_BounceScale: 1
    m_IndirectOutputScale: 1
    m_AlbedoBoost: 1
    m_TemporalCoherenceThreshold: 1
    m_EnvironmentLightingMode: 0
    m_EnableBakedLightmaps: 1
    m_EnableRealtimeLightmaps: 1
  m_LightmapEditorSettings:
    serializedVersion: 8
    m_Resolution: 2
    m_BakeResolution: 40
    m_TextureWidth: 1024
    m_TextureHeight: 1024
    m_AO: 0
    m_AOMaxDistance: 1
    m_CompAOExponent: 1
    m_CompAOExponentDirect: 0
    m_Padding: 2
    m_LightmapParameters: {fileID: 0}
    m_LightmapsBakeMode: 1
    m_TextureCompression: 1
    m_FinalGather: 0
    m_FinalGatherFiltering: 1
    m_FinalGatherRayCount: 256
    m_ReflectionCompression: 2
    m_MixedBakeMode: 3
    m_BakeBackend: 0
    m_PVRSampling: 1
    m_PVRDirectSampleCount: 32
    m_PVRSampleCount: 500
    m_PVRBounces: 2
    m_PVRFiltering: 0
    m_PVRFilteringMode: 1
    m_PVRCulling: 1
    m_PVRFilteringGaussRadiusDirect: 1
    m_PVRFilteringGaussRadiusIndirect: 5
    m_PVRFilteringGaussRadiusAO: 2
    m_PVRFilteringAtrousColorSigma: 1
    m_PVRFilteringAtrousNormalSigma: 1
    m_PVRFilteringAtrousPositionSigma: 1
  m_LightingDataAsset: {fileID: 0}
  m_ShadowMaskMode: 2
--- !u!196 &4
NavMeshSettings:
  serializedVersion: 2
  m_ObjectHideFlags: 0
  m_BuildSettings:
    serializedVersion: 2
    agentTypeID: 0
    agentRadius: 0.5
    agentHeight: 2
    agentSlope: 45
    agentClimb: 0.4
    ledgeDropHeight: 0
    maxJumpAcrossDistance: 0
    minRegionArea: 2
    manualCellSize: 0
    cellSize: 0.16666667
    manualTileSize: 0
    tileSize: 256
    accuratePlacement: 0
  m_NavMeshData: {fileID: 0}
--- !u!1 &70735951
GameObject:
  m_ObjectHideFlags: 0
  m_PrefabParentObject: {fileID: 1370249295818818, guid: 0259f61cb02836e4fbedf96d1d5317b1,
    type: 2}
  m_PrefabInternal: {fileID: 0}
  serializedVersion: 5
  m_Component:
  - component: {fileID: 70735952}
  - component: {fileID: 70735956}
  - component: {fileID: 70735955}
  - component: {fileID: 70735954}
  - component: {fileID: 70735953}
  m_Layer: 1
  m_Name: Enemy Spawnpoint (14)
  m_TagString: Untagged
  m_Icon: {fileID: 0}
  m_NavMeshLayer: 0
  m_StaticEditorFlags: 0
  m_IsActive: 1
--- !u!4 &70735952
Transform:
  m_ObjectHideFlags: 0
  m_PrefabParentObject: {fileID: 4234646135362974, guid: 0259f61cb02836e4fbedf96d1d5317b1,
    type: 2}
  m_PrefabInternal: {fileID: 0}
  m_GameObject: {fileID: 70735951}
  m_LocalRotation: {x: -0, y: 0.533789, z: -0, w: 0.8456178}
  m_LocalPosition: {x: -129.42, y: 0.39999962, z: -213.78}
  m_LocalScale: {x: 1.0000002, y: 1, z: 1.0000002}
  m_Children: []
  m_Father: {fileID: 1198039311}
  m_RootOrder: 15
  m_LocalEulerAnglesHint: {x: 0, y: 64.524, z: 0}
--- !u!114 &70735953
MonoBehaviour:
  m_ObjectHideFlags: 0
  m_PrefabParentObject: {fileID: 114303087165567730, guid: 0259f61cb02836e4fbedf96d1d5317b1,
    type: 2}
  m_PrefabInternal: {fileID: 0}
  m_GameObject: {fileID: 70735951}
  m_Enabled: 1
  m_EditorHideFlags: 0
  m_Script: {fileID: 11500000, guid: 5bbf51954c93ec444ac2b2dd1b00491d, type: 3}
  m_Name: 
  m_EditorClassIdentifier: 
  nextWaypoint: []
  previousWaypoint: []
--- !u!23 &70735954
MeshRenderer:
  m_ObjectHideFlags: 0
  m_PrefabParentObject: {fileID: 23722509815950062, guid: 0259f61cb02836e4fbedf96d1d5317b1,
    type: 2}
  m_PrefabInternal: {fileID: 0}
  m_GameObject: {fileID: 70735951}
  m_Enabled: 1
  m_CastShadows: 1
  m_ReceiveShadows: 1
  m_MotionVectors: 1
  m_LightProbeUsage: 1
  m_ReflectionProbeUsage: 1
  m_Materials:
  - {fileID: 2100000, guid: c8cb0324216cd1248ae1a1df4b73f948, type: 2}
  m_StaticBatchInfo:
    firstSubMesh: 0
    subMeshCount: 0
  m_StaticBatchRoot: {fileID: 0}
  m_ProbeAnchor: {fileID: 0}
  m_LightProbeVolumeOverride: {fileID: 0}
  m_ScaleInLightmap: 1
  m_PreserveUVs: 1
  m_IgnoreNormalsForChartDetection: 0
  m_ImportantGI: 0
  m_SelectedEditorRenderState: 3
  m_MinimumChartSize: 4
  m_AutoUVMaxDistance: 0.5
  m_AutoUVMaxAngle: 89
  m_LightmapParameters: {fileID: 0}
  m_SortingLayerID: 0
  m_SortingLayer: 0
  m_SortingOrder: 0
--- !u!65 &70735955
BoxCollider:
  m_ObjectHideFlags: 0
  m_PrefabParentObject: {fileID: 65517835318660160, guid: 0259f61cb02836e4fbedf96d1d5317b1,
    type: 2}
  m_PrefabInternal: {fileID: 0}
  m_GameObject: {fileID: 70735951}
  m_Material: {fileID: 0}
  m_IsTrigger: 0
  m_Enabled: 1
  serializedVersion: 2
  m_Size: {x: 1, y: 1, z: 1}
  m_Center: {x: 0, y: 0, z: 0}
--- !u!33 &70735956
MeshFilter:
  m_ObjectHideFlags: 0
  m_PrefabParentObject: {fileID: 33347854916840286, guid: 0259f61cb02836e4fbedf96d1d5317b1,
    type: 2}
  m_PrefabInternal: {fileID: 0}
  m_GameObject: {fileID: 70735951}
  m_Mesh: {fileID: 10202, guid: 0000000000000000e000000000000000, type: 0}
--- !u!1 &213931495
GameObject:
  m_ObjectHideFlags: 0
  m_PrefabParentObject: {fileID: 1370249295818818, guid: 0259f61cb02836e4fbedf96d1d5317b1,
    type: 2}
  m_PrefabInternal: {fileID: 0}
  serializedVersion: 5
  m_Component:
  - component: {fileID: 213931496}
  - component: {fileID: 213931500}
  - component: {fileID: 213931499}
  - component: {fileID: 213931498}
  - component: {fileID: 213931497}
  m_Layer: 1
  m_Name: Enemy Spawnpoint (1)
  m_TagString: Untagged
  m_Icon: {fileID: 0}
  m_NavMeshLayer: 0
  m_StaticEditorFlags: 0
  m_IsActive: 1
--- !u!4 &213931496
Transform:
  m_ObjectHideFlags: 0
  m_PrefabParentObject: {fileID: 4234646135362974, guid: 0259f61cb02836e4fbedf96d1d5317b1,
    type: 2}
  m_PrefabInternal: {fileID: 0}
  m_GameObject: {fileID: 213931495}
  m_LocalRotation: {x: -0, y: 0.7507246, z: -0, w: 0.6606154}
  m_LocalPosition: {x: -183.9, y: -0.2819996, z: -6.3}
  m_LocalScale: {x: 1.0000007, y: 1, z: 1.0000007}
  m_Children: []
  m_Father: {fileID: 1198039311}
  m_RootOrder: 3
  m_LocalEulerAnglesHint: {x: 0, y: 97.30601, z: 0}
--- !u!114 &213931497
MonoBehaviour:
  m_ObjectHideFlags: 0
  m_PrefabParentObject: {fileID: 114303087165567730, guid: 0259f61cb02836e4fbedf96d1d5317b1,
    type: 2}
  m_PrefabInternal: {fileID: 0}
  m_GameObject: {fileID: 213931495}
  m_Enabled: 1
  m_EditorHideFlags: 0
  m_Script: {fileID: 11500000, guid: 5bbf51954c93ec444ac2b2dd1b00491d, type: 3}
  m_Name: 
  m_EditorClassIdentifier: 
  nextWaypoint:
  - {fileID: 377126415}
  - {fileID: 2108543386}
  previousWaypoint: []
--- !u!23 &213931498
MeshRenderer:
  m_ObjectHideFlags: 0
  m_PrefabParentObject: {fileID: 23722509815950062, guid: 0259f61cb02836e4fbedf96d1d5317b1,
    type: 2}
  m_PrefabInternal: {fileID: 0}
  m_GameObject: {fileID: 213931495}
  m_Enabled: 1
  m_CastShadows: 1
  m_ReceiveShadows: 1
  m_MotionVectors: 1
  m_LightProbeUsage: 1
  m_ReflectionProbeUsage: 1
  m_Materials:
  - {fileID: 2100000, guid: c8cb0324216cd1248ae1a1df4b73f948, type: 2}
  m_StaticBatchInfo:
    firstSubMesh: 0
    subMeshCount: 0
  m_StaticBatchRoot: {fileID: 0}
  m_ProbeAnchor: {fileID: 0}
  m_LightProbeVolumeOverride: {fileID: 0}
  m_ScaleInLightmap: 1
  m_PreserveUVs: 1
  m_IgnoreNormalsForChartDetection: 0
  m_ImportantGI: 0
  m_SelectedEditorRenderState: 3
  m_MinimumChartSize: 4
  m_AutoUVMaxDistance: 0.5
  m_AutoUVMaxAngle: 89
  m_LightmapParameters: {fileID: 0}
  m_SortingLayerID: 0
  m_SortingLayer: 0
  m_SortingOrder: 0
--- !u!65 &213931499
BoxCollider:
  m_ObjectHideFlags: 0
  m_PrefabParentObject: {fileID: 65517835318660160, guid: 0259f61cb02836e4fbedf96d1d5317b1,
    type: 2}
  m_PrefabInternal: {fileID: 0}
  m_GameObject: {fileID: 213931495}
  m_Material: {fileID: 0}
  m_IsTrigger: 0
  m_Enabled: 1
  serializedVersion: 2
  m_Size: {x: 1, y: 1, z: 1}
  m_Center: {x: 0, y: 0, z: 0}
--- !u!33 &213931500
MeshFilter:
  m_ObjectHideFlags: 0
  m_PrefabParentObject: {fileID: 33347854916840286, guid: 0259f61cb02836e4fbedf96d1d5317b1,
    type: 2}
  m_PrefabInternal: {fileID: 0}
  m_GameObject: {fileID: 213931495}
  m_Mesh: {fileID: 10202, guid: 0000000000000000e000000000000000, type: 0}
--- !u!1 &219775616
GameObject:
  m_ObjectHideFlags: 0
  m_PrefabParentObject: {fileID: 1753217550026484, guid: 0259f61cb02836e4fbedf96d1d5317b1,
    type: 2}
  m_PrefabInternal: {fileID: 0}
  serializedVersion: 5
  m_Component:
  - component: {fileID: 219775617}
  - component: {fileID: 219775621}
  - component: {fileID: 219775620}
  - component: {fileID: 219775619}
  - component: {fileID: 219775618}
  m_Layer: 1
  m_Name: Enemy Spawnpoint (9)
  m_TagString: Untagged
  m_Icon: {fileID: 0}
  m_NavMeshLayer: 0
  m_StaticEditorFlags: 0
  m_IsActive: 1
--- !u!4 &219775617
Transform:
  m_ObjectHideFlags: 0
  m_PrefabParentObject: {fileID: 4698164000405108, guid: 0259f61cb02836e4fbedf96d1d5317b1,
    type: 2}
  m_PrefabInternal: {fileID: 0}
  m_GameObject: {fileID: 219775616}
  m_LocalRotation: {x: -0, y: 0.4064841, z: -0, w: 0.91365784}
  m_LocalPosition: {x: 24.4, y: 0.62999916, z: -107.5}
  m_LocalScale: {x: 1, y: 1, z: 1}
  m_Children: []
  m_Father: {fileID: 1198039311}
  m_RootOrder: 10
  m_LocalEulerAnglesHint: {x: 0, y: 47.968002, z: 0}
--- !u!114 &219775618
MonoBehaviour:
  m_ObjectHideFlags: 0
  m_PrefabParentObject: {fileID: 114084757568703574, guid: 0259f61cb02836e4fbedf96d1d5317b1,
    type: 2}
  m_PrefabInternal: {fileID: 0}
  m_GameObject: {fileID: 219775616}
  m_Enabled: 1
  m_EditorHideFlags: 0
  m_Script: {fileID: 11500000, guid: 5bbf51954c93ec444ac2b2dd1b00491d, type: 3}
  m_Name: 
  m_EditorClassIdentifier: 
  nextWaypoint:
  - {fileID: 345815835}
  - {fileID: 2117043723}
  previousWaypoint: []
--- !u!23 &219775619
MeshRenderer:
  m_ObjectHideFlags: 0
  m_PrefabParentObject: {fileID: 23297390475943916, guid: 0259f61cb02836e4fbedf96d1d5317b1,
    type: 2}
  m_PrefabInternal: {fileID: 0}
  m_GameObject: {fileID: 219775616}
  m_Enabled: 1
  m_CastShadows: 1
  m_ReceiveShadows: 1
  m_MotionVectors: 1
  m_LightProbeUsage: 1
  m_ReflectionProbeUsage: 1
  m_Materials:
  - {fileID: 2100000, guid: c8cb0324216cd1248ae1a1df4b73f948, type: 2}
  m_StaticBatchInfo:
    firstSubMesh: 0
    subMeshCount: 0
  m_StaticBatchRoot: {fileID: 0}
  m_ProbeAnchor: {fileID: 0}
  m_LightProbeVolumeOverride: {fileID: 0}
  m_ScaleInLightmap: 1
  m_PreserveUVs: 1
  m_IgnoreNormalsForChartDetection: 0
  m_ImportantGI: 0
  m_SelectedEditorRenderState: 3
  m_MinimumChartSize: 4
  m_AutoUVMaxDistance: 0.5
  m_AutoUVMaxAngle: 89
  m_LightmapParameters: {fileID: 0}
  m_SortingLayerID: 0
  m_SortingLayer: 0
  m_SortingOrder: 0
--- !u!65 &219775620
BoxCollider:
  m_ObjectHideFlags: 0
  m_PrefabParentObject: {fileID: 65386842503620734, guid: 0259f61cb02836e4fbedf96d1d5317b1,
    type: 2}
  m_PrefabInternal: {fileID: 0}
  m_GameObject: {fileID: 219775616}
  m_Material: {fileID: 0}
  m_IsTrigger: 0
  m_Enabled: 1
  serializedVersion: 2
  m_Size: {x: 1, y: 1, z: 1}
  m_Center: {x: 0, y: 0, z: 0}
--- !u!33 &219775621
MeshFilter:
  m_ObjectHideFlags: 0
  m_PrefabParentObject: {fileID: 33710516849786568, guid: 0259f61cb02836e4fbedf96d1d5317b1,
    type: 2}
  m_PrefabInternal: {fileID: 0}
  m_GameObject: {fileID: 219775616}
  m_Mesh: {fileID: 10202, guid: 0000000000000000e000000000000000, type: 0}
--- !u!1 &345815834
GameObject:
  m_ObjectHideFlags: 0
  m_PrefabParentObject: {fileID: 1753217550026484, guid: 0259f61cb02836e4fbedf96d1d5317b1,
    type: 2}
  m_PrefabInternal: {fileID: 0}
  serializedVersion: 5
  m_Component:
  - component: {fileID: 345815835}
  - component: {fileID: 345815839}
  - component: {fileID: 345815838}
  - component: {fileID: 345815837}
  - component: {fileID: 345815836}
  m_Layer: 1
  m_Name: Enemy Spawnpoint (10)
  m_TagString: Untagged
  m_Icon: {fileID: 0}
  m_NavMeshLayer: 0
  m_StaticEditorFlags: 0
  m_IsActive: 1
--- !u!4 &345815835
Transform:
  m_ObjectHideFlags: 0
  m_PrefabParentObject: {fileID: 4698164000405108, guid: 0259f61cb02836e4fbedf96d1d5317b1,
    type: 2}
  m_PrefabInternal: {fileID: 0}
  m_GameObject: {fileID: 345815834}
  m_LocalRotation: {x: -0, y: 0.4064841, z: -0, w: 0.91365784}
  m_LocalPosition: {x: -20.32, y: 0.62999916, z: -105.43}
  m_LocalScale: {x: 1, y: 1, z: 1}
  m_Children: []
  m_Father: {fileID: 1198039311}
  m_RootOrder: 11
  m_LocalEulerAnglesHint: {x: 0, y: 47.968002, z: 0}
--- !u!114 &345815836
MonoBehaviour:
  m_ObjectHideFlags: 0
  m_PrefabParentObject: {fileID: 114084757568703574, guid: 0259f61cb02836e4fbedf96d1d5317b1,
    type: 2}
  m_PrefabInternal: {fileID: 0}
  m_GameObject: {fileID: 345815834}
  m_Enabled: 1
  m_EditorHideFlags: 0
  m_Script: {fileID: 11500000, guid: 5bbf51954c93ec444ac2b2dd1b00491d, type: 3}
  m_Name: 
  m_EditorClassIdentifier: 
  nextWaypoint:
  - {fileID: 1966289526}
  - {fileID: 880782329}
  previousWaypoint: []
--- !u!23 &345815837
MeshRenderer:
  m_ObjectHideFlags: 0
  m_PrefabParentObject: {fileID: 23297390475943916, guid: 0259f61cb02836e4fbedf96d1d5317b1,
    type: 2}
  m_PrefabInternal: {fileID: 0}
  m_GameObject: {fileID: 345815834}
  m_Enabled: 1
  m_CastShadows: 1
  m_ReceiveShadows: 1
  m_MotionVectors: 1
  m_LightProbeUsage: 1
  m_ReflectionProbeUsage: 1
  m_Materials:
  - {fileID: 2100000, guid: c8cb0324216cd1248ae1a1df4b73f948, type: 2}
  m_StaticBatchInfo:
    firstSubMesh: 0
    subMeshCount: 0
  m_StaticBatchRoot: {fileID: 0}
  m_ProbeAnchor: {fileID: 0}
  m_LightProbeVolumeOverride: {fileID: 0}
  m_ScaleInLightmap: 1
  m_PreserveUVs: 1
  m_IgnoreNormalsForChartDetection: 0
  m_ImportantGI: 0
  m_SelectedEditorRenderState: 3
  m_MinimumChartSize: 4
  m_AutoUVMaxDistance: 0.5
  m_AutoUVMaxAngle: 89
  m_LightmapParameters: {fileID: 0}
  m_SortingLayerID: 0
  m_SortingLayer: 0
  m_SortingOrder: 0
--- !u!65 &345815838
BoxCollider:
  m_ObjectHideFlags: 0
  m_PrefabParentObject: {fileID: 65386842503620734, guid: 0259f61cb02836e4fbedf96d1d5317b1,
    type: 2}
  m_PrefabInternal: {fileID: 0}
  m_GameObject: {fileID: 345815834}
  m_Material: {fileID: 0}
  m_IsTrigger: 0
  m_Enabled: 1
  serializedVersion: 2
  m_Size: {x: 1, y: 1, z: 1}
  m_Center: {x: 0, y: 0, z: 0}
--- !u!33 &345815839
MeshFilter:
  m_ObjectHideFlags: 0
  m_PrefabParentObject: {fileID: 33710516849786568, guid: 0259f61cb02836e4fbedf96d1d5317b1,
    type: 2}
  m_PrefabInternal: {fileID: 0}
  m_GameObject: {fileID: 345815834}
  m_Mesh: {fileID: 10202, guid: 0000000000000000e000000000000000, type: 0}
--- !u!1001 &348628312
Prefab:
  m_ObjectHideFlags: 0
  serializedVersion: 2
  m_Modification:
    m_TransformParent: {fileID: 0}
    m_Modifications:
    - target: {fileID: 4314495625452368, guid: 54ab77a5a009f4a4e9a233edd4713273, type: 2}
      propertyPath: m_LocalPosition.x
      value: 380
      objectReference: {fileID: 0}
    - target: {fileID: 4314495625452368, guid: 54ab77a5a009f4a4e9a233edd4713273, type: 2}
      propertyPath: m_LocalPosition.y
      value: 146.45
      objectReference: {fileID: 0}
    - target: {fileID: 4314495625452368, guid: 54ab77a5a009f4a4e9a233edd4713273, type: 2}
      propertyPath: m_LocalPosition.z
      value: 359
      objectReference: {fileID: 0}
    - target: {fileID: 4314495625452368, guid: 54ab77a5a009f4a4e9a233edd4713273, type: 2}
      propertyPath: m_LocalRotation.x
      value: 0.7071068
      objectReference: {fileID: 0}
    - target: {fileID: 4314495625452368, guid: 54ab77a5a009f4a4e9a233edd4713273, type: 2}
      propertyPath: m_LocalRotation.y
      value: 0
      objectReference: {fileID: 0}
    - target: {fileID: 4314495625452368, guid: 54ab77a5a009f4a4e9a233edd4713273, type: 2}
      propertyPath: m_LocalRotation.z
      value: 0
      objectReference: {fileID: 0}
    - target: {fileID: 4314495625452368, guid: 54ab77a5a009f4a4e9a233edd4713273, type: 2}
      propertyPath: m_LocalRotation.w
      value: 0.7071068
      objectReference: {fileID: 0}
    - target: {fileID: 4314495625452368, guid: 54ab77a5a009f4a4e9a233edd4713273, type: 2}
      propertyPath: m_RootOrder
      value: 4
      objectReference: {fileID: 0}
    m_RemovedComponents: []
  m_ParentPrefab: {fileID: 100100000, guid: 54ab77a5a009f4a4e9a233edd4713273, type: 2}
  m_IsPrefabParent: 0
--- !u!1 &377126414
GameObject:
  m_ObjectHideFlags: 0
  m_PrefabParentObject: {fileID: 1370249295818818, guid: 0259f61cb02836e4fbedf96d1d5317b1,
    type: 2}
  m_PrefabInternal: {fileID: 0}
  serializedVersion: 5
  m_Component:
  - component: {fileID: 377126415}
  - component: {fileID: 377126419}
  - component: {fileID: 377126418}
  - component: {fileID: 377126417}
  - component: {fileID: 377126416}
  m_Layer: 1
  m_Name: Enemy Spawnpoint (2)
  m_TagString: Untagged
  m_Icon: {fileID: 0}
  m_NavMeshLayer: 0
  m_StaticEditorFlags: 0
  m_IsActive: 1
--- !u!4 &377126415
Transform:
  m_ObjectHideFlags: 0
  m_PrefabParentObject: {fileID: 4234646135362974, guid: 0259f61cb02836e4fbedf96d1d5317b1,
    type: 2}
  m_PrefabInternal: {fileID: 0}
  m_GameObject: {fileID: 377126414}
  m_LocalRotation: {x: -0, y: 0.533789, z: -0, w: 0.8456178}
  m_LocalPosition: {x: -114.4, y: 0.1, z: -95}
  m_LocalScale: {x: 1.0000007, y: 1, z: 1.0000007}
  m_Children: []
  m_Father: {fileID: 1198039311}
  m_RootOrder: 4
  m_LocalEulerAnglesHint: {x: 0, y: 64.524, z: 0}
--- !u!114 &377126416
MonoBehaviour:
  m_ObjectHideFlags: 0
  m_PrefabParentObject: {fileID: 114303087165567730, guid: 0259f61cb02836e4fbedf96d1d5317b1,
    type: 2}
  m_PrefabInternal: {fileID: 0}
  m_GameObject: {fileID: 377126414}
  m_Enabled: 1
  m_EditorHideFlags: 0
  m_Script: {fileID: 11500000, guid: 5bbf51954c93ec444ac2b2dd1b00491d, type: 3}
  m_Name: 
  m_EditorClassIdentifier: 
  nextWaypoint:
  - {fileID: 1787741007}
  - {fileID: 906184400}
  previousWaypoint: []
--- !u!23 &377126417
MeshRenderer:
  m_ObjectHideFlags: 0
  m_PrefabParentObject: {fileID: 23722509815950062, guid: 0259f61cb02836e4fbedf96d1d5317b1,
    type: 2}
  m_PrefabInternal: {fileID: 0}
  m_GameObject: {fileID: 377126414}
  m_Enabled: 1
  m_CastShadows: 1
  m_ReceiveShadows: 1
  m_MotionVectors: 1
  m_LightProbeUsage: 1
  m_ReflectionProbeUsage: 1
  m_Materials:
  - {fileID: 2100000, guid: c8cb0324216cd1248ae1a1df4b73f948, type: 2}
  m_StaticBatchInfo:
    firstSubMesh: 0
    subMeshCount: 0
  m_StaticBatchRoot: {fileID: 0}
  m_ProbeAnchor: {fileID: 0}
  m_LightProbeVolumeOverride: {fileID: 0}
  m_ScaleInLightmap: 1
  m_PreserveUVs: 1
  m_IgnoreNormalsForChartDetection: 0
  m_ImportantGI: 0
  m_SelectedEditorRenderState: 3
  m_MinimumChartSize: 4
  m_AutoUVMaxDistance: 0.5
  m_AutoUVMaxAngle: 89
  m_LightmapParameters: {fileID: 0}
  m_SortingLayerID: 0
  m_SortingLayer: 0
  m_SortingOrder: 0
--- !u!65 &377126418
BoxCollider:
  m_ObjectHideFlags: 0
  m_PrefabParentObject: {fileID: 65517835318660160, guid: 0259f61cb02836e4fbedf96d1d5317b1,
    type: 2}
  m_PrefabInternal: {fileID: 0}
  m_GameObject: {fileID: 377126414}
  m_Material: {fileID: 0}
  m_IsTrigger: 0
  m_Enabled: 1
  serializedVersion: 2
  m_Size: {x: 1, y: 1, z: 1}
  m_Center: {x: 0, y: 0, z: 0}
--- !u!33 &377126419
MeshFilter:
  m_ObjectHideFlags: 0
  m_PrefabParentObject: {fileID: 33347854916840286, guid: 0259f61cb02836e4fbedf96d1d5317b1,
    type: 2}
  m_PrefabInternal: {fileID: 0}
  m_GameObject: {fileID: 377126414}
  m_Mesh: {fileID: 10202, guid: 0000000000000000e000000000000000, type: 0}
--- !u!1001 &418971946
Prefab:
  m_ObjectHideFlags: 0
  serializedVersion: 2
  m_Modification:
    m_TransformParent: {fileID: 0}
    m_Modifications:
    - target: {fileID: 4053319070482694, guid: 46fbef7ca33a0104287a2f6b3bd1d778, type: 2}
      propertyPath: m_LocalPosition.x
      value: 321.59
      objectReference: {fileID: 0}
    - target: {fileID: 4053319070482694, guid: 46fbef7ca33a0104287a2f6b3bd1d778, type: 2}
      propertyPath: m_LocalPosition.y
      value: 26.17
      objectReference: {fileID: 0}
    - target: {fileID: 4053319070482694, guid: 46fbef7ca33a0104287a2f6b3bd1d778, type: 2}
      propertyPath: m_LocalPosition.z
      value: 124.38
      objectReference: {fileID: 0}
    - target: {fileID: 4053319070482694, guid: 46fbef7ca33a0104287a2f6b3bd1d778, type: 2}
      propertyPath: m_LocalRotation.x
      value: 0
      objectReference: {fileID: 0}
    - target: {fileID: 4053319070482694, guid: 46fbef7ca33a0104287a2f6b3bd1d778, type: 2}
      propertyPath: m_LocalRotation.y
      value: 0
      objectReference: {fileID: 0}
    - target: {fileID: 4053319070482694, guid: 46fbef7ca33a0104287a2f6b3bd1d778, type: 2}
      propertyPath: m_LocalRotation.z
      value: 0
      objectReference: {fileID: 0}
    - target: {fileID: 4053319070482694, guid: 46fbef7ca33a0104287a2f6b3bd1d778, type: 2}
      propertyPath: m_LocalRotation.w
      value: 1
      objectReference: {fileID: 0}
    - target: {fileID: 4053319070482694, guid: 46fbef7ca33a0104287a2f6b3bd1d778, type: 2}
      propertyPath: m_RootOrder
      value: 7
      objectReference: {fileID: 0}
    - target: {fileID: 4933129442174302, guid: 46fbef7ca33a0104287a2f6b3bd1d778, type: 2}
      propertyPath: m_LocalPosition.z
      value: 242
      objectReference: {fileID: 0}
    - target: {fileID: 4933129442174302, guid: 46fbef7ca33a0104287a2f6b3bd1d778, type: 2}
      propertyPath: m_LocalPosition.x
      value: -10.1
      objectReference: {fileID: 0}
    - target: {fileID: 4933129442174302, guid: 46fbef7ca33a0104287a2f6b3bd1d778, type: 2}
      propertyPath: m_LocalPosition.y
      value: -5.3
      objectReference: {fileID: 0}
    - target: {fileID: 4306662478121434, guid: 46fbef7ca33a0104287a2f6b3bd1d778, type: 2}
      propertyPath: m_LocalPosition.z
      value: 115.1
      objectReference: {fileID: 0}
    - target: {fileID: 4306662478121434, guid: 46fbef7ca33a0104287a2f6b3bd1d778, type: 2}
      propertyPath: m_LocalPosition.x
      value: -41.8
      objectReference: {fileID: 0}
    - target: {fileID: 4202072171201318, guid: 46fbef7ca33a0104287a2f6b3bd1d778, type: 2}
      propertyPath: m_LocalPosition.x
      value: 9.8
      objectReference: {fileID: 0}
    - target: {fileID: 4202072171201318, guid: 46fbef7ca33a0104287a2f6b3bd1d778, type: 2}
      propertyPath: m_LocalPosition.z
      value: 215.9
      objectReference: {fileID: 0}
    m_RemovedComponents: []
  m_ParentPrefab: {fileID: 100100000, guid: 46fbef7ca33a0104287a2f6b3bd1d778, type: 2}
  m_IsPrefabParent: 0
--- !u!1 &521020638
GameObject:
  m_ObjectHideFlags: 0
  m_PrefabParentObject: {fileID: 0}
  m_PrefabInternal: {fileID: 0}
  serializedVersion: 5
  m_Component:
  - component: {fileID: 521020641}
  - component: {fileID: 521020640}
  - component: {fileID: 521020639}
  m_Layer: 0
  m_Name: VoiceManager
  m_TagString: Untagged
  m_Icon: {fileID: 0}
  m_NavMeshLayer: 0
  m_StaticEditorFlags: 0
  m_IsActive: 1
--- !u!114 &521020639
MonoBehaviour:
  m_ObjectHideFlags: 0
  m_PrefabParentObject: {fileID: 0}
  m_PrefabInternal: {fileID: 0}
  m_GameObject: {fileID: 521020638}
  m_Enabled: 1
  m_EditorHideFlags: 0
  m_Script: {fileID: 11500000, guid: 677464b9755a61048923c276dbdb067b, type: 3}
  m_Name: 
  m_EditorClassIdentifier: 
  callAlliedTankClip:
  - {fileID: 8300000, guid: 0930377004849ee4ea15d7048d617173, type: 3}
  - {fileID: 8300000, guid: 488c595bba073394a9f63f06b027e7bc, type: 3}
  - {fileID: 8300000, guid: 3e2b9e9e387b5a844aa1b0bf425ca433, type: 3}
  callAlliedAircraftClip: []
  callArtilleryClip:
  - {fileID: 8300000, guid: 58167e119d66058469afbebead15593a, type: 3}
--- !u!82 &521020640
AudioSource:
  m_ObjectHideFlags: 0
  m_PrefabParentObject: {fileID: 0}
  m_PrefabInternal: {fileID: 0}
  m_GameObject: {fileID: 521020638}
  m_Enabled: 1
  serializedVersion: 4
  OutputAudioMixerGroup: {fileID: 0}
  m_audioClip: {fileID: 0}
  m_PlayOnAwake: 1
  m_Volume: 1
  m_Pitch: 1
  Loop: 0
  Mute: 0
  Spatialize: 0
  SpatializePostEffects: 0
  Priority: 128
  DopplerLevel: 1
  MinDistance: 1
  MaxDistance: 500
  Pan2D: 0
  rolloffMode: 0
  BypassEffects: 0
  BypassListenerEffects: 0
  BypassReverbZones: 0
  rolloffCustomCurve:
    serializedVersion: 2
    m_Curve:
    - serializedVersion: 2
      time: 0
      value: 1
      inSlope: 0
      outSlope: 0
      tangentMode: 0
    - serializedVersion: 2
      time: 1
      value: 0
      inSlope: 0
      outSlope: 0
      tangentMode: 0
    m_PreInfinity: 2
    m_PostInfinity: 2
    m_RotationOrder: 4
  panLevelCustomCurve:
    serializedVersion: 2
    m_Curve:
    - serializedVersion: 2
      time: 0
      value: 0
      inSlope: 0
      outSlope: 0
      tangentMode: 0
    m_PreInfinity: 2
    m_PostInfinity: 2
    m_RotationOrder: 0
  spreadCustomCurve:
    serializedVersion: 2
    m_Curve:
    - serializedVersion: 2
      time: 0
      value: 0
      inSlope: 0
      outSlope: 0
      tangentMode: 0
    m_PreInfinity: 2
    m_PostInfinity: 2
    m_RotationOrder: 0
  reverbZoneMixCustomCurve:
    serializedVersion: 2
    m_Curve:
    - serializedVersion: 2
      time: 0
      value: 1
      inSlope: 0
      outSlope: 0
      tangentMode: 0
    m_PreInfinity: 2
    m_PostInfinity: 2
    m_RotationOrder: 0
--- !u!4 &521020641
Transform:
  m_ObjectHideFlags: 0
  m_PrefabParentObject: {fileID: 0}
  m_PrefabInternal: {fileID: 0}
  m_GameObject: {fileID: 521020638}
  m_LocalRotation: {x: 0, y: 0, z: 0, w: 1}
  m_LocalPosition: {x: 366.18427, y: 114.265114, z: 339.50897}
  m_LocalScale: {x: 1, y: 1, z: 1}
  m_Children: []
  m_Father: {fileID: 0}
  m_RootOrder: 10
  m_LocalEulerAnglesHint: {x: 0, y: 0, z: 0}
--- !u!1001 &592977621
Prefab:
  m_ObjectHideFlags: 0
  serializedVersion: 2
  m_Modification:
    m_TransformParent: {fileID: 0}
    m_Modifications:
    - target: {fileID: 4269981136568114, guid: d4f6a097d2cbeb044990025a85028f0a, type: 2}
      propertyPath: m_LocalPosition.x
      value: 430.1515
      objectReference: {fileID: 0}
    - target: {fileID: 4269981136568114, guid: d4f6a097d2cbeb044990025a85028f0a, type: 2}
      propertyPath: m_LocalPosition.y
      value: 26.373417
      objectReference: {fileID: 0}
    - target: {fileID: 4269981136568114, guid: d4f6a097d2cbeb044990025a85028f0a, type: 2}
      propertyPath: m_LocalPosition.z
      value: 449.64188
      objectReference: {fileID: 0}
    - target: {fileID: 4269981136568114, guid: d4f6a097d2cbeb044990025a85028f0a, type: 2}
      propertyPath: m_LocalRotation.x
      value: 0
      objectReference: {fileID: 0}
    - target: {fileID: 4269981136568114, guid: d4f6a097d2cbeb044990025a85028f0a, type: 2}
      propertyPath: m_LocalRotation.y
      value: 0
      objectReference: {fileID: 0}
    - target: {fileID: 4269981136568114, guid: d4f6a097d2cbeb044990025a85028f0a, type: 2}
      propertyPath: m_LocalRotation.z
      value: 0
      objectReference: {fileID: 0}
    - target: {fileID: 4269981136568114, guid: d4f6a097d2cbeb044990025a85028f0a, type: 2}
      propertyPath: m_LocalRotation.w
      value: 1
      objectReference: {fileID: 0}
    - target: {fileID: 4269981136568114, guid: d4f6a097d2cbeb044990025a85028f0a, type: 2}
      propertyPath: m_RootOrder
      value: 5
      objectReference: {fileID: 0}
    m_RemovedComponents: []
  m_ParentPrefab: {fileID: 100100000, guid: d4f6a097d2cbeb044990025a85028f0a, type: 2}
  m_IsPrefabParent: 0
--- !u!1001 &780116527
Prefab:
  m_ObjectHideFlags: 0
  serializedVersion: 2
  m_Modification:
    m_TransformParent: {fileID: 0}
    m_Modifications:
    - target: {fileID: 4226409542585166, guid: 84ab4973c75aab44f9551917e5806b02, type: 2}
      propertyPath: m_LocalPosition.x
      value: 0
      objectReference: {fileID: 0}
    - target: {fileID: 4226409542585166, guid: 84ab4973c75aab44f9551917e5806b02, type: 2}
      propertyPath: m_LocalPosition.y
      value: 0
      objectReference: {fileID: 0}
    - target: {fileID: 4226409542585166, guid: 84ab4973c75aab44f9551917e5806b02, type: 2}
      propertyPath: m_LocalPosition.z
      value: 0
      objectReference: {fileID: 0}
    - target: {fileID: 4226409542585166, guid: 84ab4973c75aab44f9551917e5806b02, type: 2}
      propertyPath: m_LocalRotation.x
      value: 0
      objectReference: {fileID: 0}
    - target: {fileID: 4226409542585166, guid: 84ab4973c75aab44f9551917e5806b02, type: 2}
      propertyPath: m_LocalRotation.y
      value: 0
      objectReference: {fileID: 0}
    - target: {fileID: 4226409542585166, guid: 84ab4973c75aab44f9551917e5806b02, type: 2}
      propertyPath: m_LocalRotation.z
      value: 0
      objectReference: {fileID: 0}
    - target: {fileID: 4226409542585166, guid: 84ab4973c75aab44f9551917e5806b02, type: 2}
      propertyPath: m_LocalRotation.w
      value: 1
      objectReference: {fileID: 0}
    - target: {fileID: 4226409542585166, guid: 84ab4973c75aab44f9551917e5806b02, type: 2}
      propertyPath: m_RootOrder
      value: 9
      objectReference: {fileID: 0}
    - target: {fileID: 1580772579641138, guid: 84ab4973c75aab44f9551917e5806b02, type: 2}
      propertyPath: m_Name
      value: VillageLevelTerrain
      objectReference: {fileID: 0}
    m_RemovedComponents: []
  m_ParentPrefab: {fileID: 100100000, guid: 84ab4973c75aab44f9551917e5806b02, type: 2}
  m_IsPrefabParent: 0
--- !u!1 &880782328
GameObject:
  m_ObjectHideFlags: 0
  m_PrefabParentObject: {fileID: 1753217550026484, guid: 0259f61cb02836e4fbedf96d1d5317b1,
    type: 2}
  m_PrefabInternal: {fileID: 0}
  serializedVersion: 5
  m_Component:
  - component: {fileID: 880782329}
  - component: {fileID: 880782333}
  - component: {fileID: 880782332}
  - component: {fileID: 880782331}
  - component: {fileID: 880782330}
  m_Layer: 1
  m_Name: Enemy Spawnpoint (12)
  m_TagString: Untagged
  m_Icon: {fileID: 0}
  m_NavMeshLayer: 0
  m_StaticEditorFlags: 0
  m_IsActive: 1
--- !u!4 &880782329
Transform:
  m_ObjectHideFlags: 0
  m_PrefabParentObject: {fileID: 4698164000405108, guid: 0259f61cb02836e4fbedf96d1d5317b1,
    type: 2}
  m_PrefabInternal: {fileID: 0}
  m_GameObject: {fileID: 880782328}
  m_LocalRotation: {x: -0, y: 0.4064841, z: -0, w: 0.91365784}
  m_LocalPosition: {x: -71.3, y: -1.2999992, z: -171.1}
  m_LocalScale: {x: 1, y: 1, z: 1}
  m_Children: []
  m_Father: {fileID: 1198039311}
  m_RootOrder: 13
  m_LocalEulerAnglesHint: {x: 0, y: 47.968002, z: 0}
--- !u!114 &880782330
MonoBehaviour:
  m_ObjectHideFlags: 0
  m_PrefabParentObject: {fileID: 114084757568703574, guid: 0259f61cb02836e4fbedf96d1d5317b1,
    type: 2}
  m_PrefabInternal: {fileID: 0}
  m_GameObject: {fileID: 880782328}
  m_Enabled: 1
  m_EditorHideFlags: 0
  m_Script: {fileID: 11500000, guid: 5bbf51954c93ec444ac2b2dd1b00491d, type: 3}
  m_Name: 
  m_EditorClassIdentifier: 
  nextWaypoint: []
  previousWaypoint: []
--- !u!23 &880782331
MeshRenderer:
  m_ObjectHideFlags: 0
  m_PrefabParentObject: {fileID: 23297390475943916, guid: 0259f61cb02836e4fbedf96d1d5317b1,
    type: 2}
  m_PrefabInternal: {fileID: 0}
  m_GameObject: {fileID: 880782328}
  m_Enabled: 1
  m_CastShadows: 1
  m_ReceiveShadows: 1
  m_MotionVectors: 1
  m_LightProbeUsage: 1
  m_ReflectionProbeUsage: 1
  m_Materials:
  - {fileID: 2100000, guid: c8cb0324216cd1248ae1a1df4b73f948, type: 2}
  m_StaticBatchInfo:
    firstSubMesh: 0
    subMeshCount: 0
  m_StaticBatchRoot: {fileID: 0}
  m_ProbeAnchor: {fileID: 0}
  m_LightProbeVolumeOverride: {fileID: 0}
  m_ScaleInLightmap: 1
  m_PreserveUVs: 1
  m_IgnoreNormalsForChartDetection: 0
  m_ImportantGI: 0
  m_SelectedEditorRenderState: 3
  m_MinimumChartSize: 4
  m_AutoUVMaxDistance: 0.5
  m_AutoUVMaxAngle: 89
  m_LightmapParameters: {fileID: 0}
  m_SortingLayerID: 0
  m_SortingLayer: 0
  m_SortingOrder: 0
--- !u!65 &880782332
BoxCollider:
  m_ObjectHideFlags: 0
  m_PrefabParentObject: {fileID: 65386842503620734, guid: 0259f61cb02836e4fbedf96d1d5317b1,
    type: 2}
  m_PrefabInternal: {fileID: 0}
  m_GameObject: {fileID: 880782328}
  m_Material: {fileID: 0}
  m_IsTrigger: 0
  m_Enabled: 1
  serializedVersion: 2
  m_Size: {x: 1, y: 1, z: 1}
  m_Center: {x: 0, y: 0, z: 0}
--- !u!33 &880782333
MeshFilter:
  m_ObjectHideFlags: 0
  m_PrefabParentObject: {fileID: 33710516849786568, guid: 0259f61cb02836e4fbedf96d1d5317b1,
    type: 2}
  m_PrefabInternal: {fileID: 0}
  m_GameObject: {fileID: 880782328}
  m_Mesh: {fileID: 10202, guid: 0000000000000000e000000000000000, type: 0}
--- !u!1 &906184399
GameObject:
  m_ObjectHideFlags: 0
  m_PrefabParentObject: {fileID: 1370249295818818, guid: 0259f61cb02836e4fbedf96d1d5317b1,
    type: 2}
  m_PrefabInternal: {fileID: 0}
  serializedVersion: 5
  m_Component:
  - component: {fileID: 906184400}
  - component: {fileID: 906184404}
  - component: {fileID: 906184403}
  - component: {fileID: 906184402}
  - component: {fileID: 906184401}
  m_Layer: 1
  m_Name: Enemy Spawnpoint (5)
  m_TagString: Untagged
  m_Icon: {fileID: 0}
  m_NavMeshLayer: 0
  m_StaticEditorFlags: 0
  m_IsActive: 1
--- !u!4 &906184400
Transform:
  m_ObjectHideFlags: 0
  m_PrefabParentObject: {fileID: 4234646135362974, guid: 0259f61cb02836e4fbedf96d1d5317b1,
    type: 2}
  m_PrefabInternal: {fileID: 0}
  m_GameObject: {fileID: 906184399}
  m_LocalRotation: {x: -0, y: 0.533789, z: -0, w: 0.8456178}
  m_LocalPosition: {x: -151.3, y: 0.4, z: -156.4}
  m_LocalScale: {x: 1.0000002, y: 1, z: 1.0000002}
  m_Children: []
  m_Father: {fileID: 1198039311}
  m_RootOrder: 7
  m_LocalEulerAnglesHint: {x: 0, y: 64.524, z: 0}
--- !u!114 &906184401
MonoBehaviour:
  m_ObjectHideFlags: 0
  m_PrefabParentObject: {fileID: 114303087165567730, guid: 0259f61cb02836e4fbedf96d1d5317b1,
    type: 2}
  m_PrefabInternal: {fileID: 0}
  m_GameObject: {fileID: 906184399}
  m_Enabled: 1
  m_EditorHideFlags: 0
  m_Script: {fileID: 11500000, guid: 5bbf51954c93ec444ac2b2dd1b00491d, type: 3}
  m_Name: 
  m_EditorClassIdentifier: 
  nextWaypoint:
  - {fileID: 70735952}
  previousWaypoint: []
--- !u!23 &906184402
MeshRenderer:
  m_ObjectHideFlags: 0
  m_PrefabParentObject: {fileID: 23722509815950062, guid: 0259f61cb02836e4fbedf96d1d5317b1,
    type: 2}
  m_PrefabInternal: {fileID: 0}
  m_GameObject: {fileID: 906184399}
  m_Enabled: 1
  m_CastShadows: 1
  m_ReceiveShadows: 1
  m_MotionVectors: 1
  m_LightProbeUsage: 1
  m_ReflectionProbeUsage: 1
  m_Materials:
  - {fileID: 2100000, guid: c8cb0324216cd1248ae1a1df4b73f948, type: 2}
  m_StaticBatchInfo:
    firstSubMesh: 0
    subMeshCount: 0
  m_StaticBatchRoot: {fileID: 0}
  m_ProbeAnchor: {fileID: 0}
  m_LightProbeVolumeOverride: {fileID: 0}
  m_ScaleInLightmap: 1
  m_PreserveUVs: 1
  m_IgnoreNormalsForChartDetection: 0
  m_ImportantGI: 0
  m_SelectedEditorRenderState: 3
  m_MinimumChartSize: 4
  m_AutoUVMaxDistance: 0.5
  m_AutoUVMaxAngle: 89
  m_LightmapParameters: {fileID: 0}
  m_SortingLayerID: 0
  m_SortingLayer: 0
  m_SortingOrder: 0
--- !u!65 &906184403
BoxCollider:
  m_ObjectHideFlags: 0
  m_PrefabParentObject: {fileID: 65517835318660160, guid: 0259f61cb02836e4fbedf96d1d5317b1,
    type: 2}
  m_PrefabInternal: {fileID: 0}
  m_GameObject: {fileID: 906184399}
  m_Material: {fileID: 0}
  m_IsTrigger: 0
  m_Enabled: 1
  serializedVersion: 2
  m_Size: {x: 1, y: 1, z: 1}
  m_Center: {x: 0, y: 0, z: 0}
--- !u!33 &906184404
MeshFilter:
  m_ObjectHideFlags: 0
  m_PrefabParentObject: {fileID: 33347854916840286, guid: 0259f61cb02836e4fbedf96d1d5317b1,
    type: 2}
  m_PrefabInternal: {fileID: 0}
  m_GameObject: {fileID: 906184399}
  m_Mesh: {fileID: 10202, guid: 0000000000000000e000000000000000, type: 0}
--- !u!1 &954352261
GameObject:
  m_ObjectHideFlags: 0
  m_PrefabParentObject: {fileID: 1370249295818818, guid: 0259f61cb02836e4fbedf96d1d5317b1,
    type: 2}
  m_PrefabInternal: {fileID: 0}
  serializedVersion: 5
  m_Component:
  - component: {fileID: 954352262}
  - component: {fileID: 954352266}
  - component: {fileID: 954352265}
  - component: {fileID: 954352264}
  - component: {fileID: 954352263}
  m_Layer: 1
  m_Name: Enemy Spawnpoint (4)
  m_TagString: Untagged
  m_Icon: {fileID: 0}
  m_NavMeshLayer: 0
  m_StaticEditorFlags: 0
  m_IsActive: 1
--- !u!4 &954352262
Transform:
  m_ObjectHideFlags: 0
  m_PrefabParentObject: {fileID: 4234646135362974, guid: 0259f61cb02836e4fbedf96d1d5317b1,
    type: 2}
  m_PrefabInternal: {fileID: 0}
  m_GameObject: {fileID: 954352261}
  m_LocalRotation: {x: -0, y: 0.533789, z: -0, w: 0.8456178}
  m_LocalPosition: {x: -197.4, y: 0.10000038, z: -143.4}
  m_LocalScale: {x: 1.0000002, y: 1, z: 1.0000002}
  m_Children: []
  m_Father: {fileID: 1198039311}
  m_RootOrder: 6
  m_LocalEulerAnglesHint: {x: 0, y: 64.524, z: 0}
--- !u!114 &954352263
MonoBehaviour:
  m_ObjectHideFlags: 0
  m_PrefabParentObject: {fileID: 114303087165567730, guid: 0259f61cb02836e4fbedf96d1d5317b1,
    type: 2}
  m_PrefabInternal: {fileID: 0}
  m_GameObject: {fileID: 954352261}
  m_Enabled: 1
  m_EditorHideFlags: 0
  m_Script: {fileID: 11500000, guid: 5bbf51954c93ec444ac2b2dd1b00491d, type: 3}
  m_Name: 
  m_EditorClassIdentifier: 
  nextWaypoint:
  - {fileID: 906184400}
  previousWaypoint: []
--- !u!23 &954352264
MeshRenderer:
  m_ObjectHideFlags: 0
  m_PrefabParentObject: {fileID: 23722509815950062, guid: 0259f61cb02836e4fbedf96d1d5317b1,
    type: 2}
  m_PrefabInternal: {fileID: 0}
  m_GameObject: {fileID: 954352261}
  m_Enabled: 1
  m_CastShadows: 1
  m_ReceiveShadows: 1
  m_MotionVectors: 1
  m_LightProbeUsage: 1
  m_ReflectionProbeUsage: 1
  m_Materials:
  - {fileID: 2100000, guid: c8cb0324216cd1248ae1a1df4b73f948, type: 2}
  m_StaticBatchInfo:
    firstSubMesh: 0
    subMeshCount: 0
  m_StaticBatchRoot: {fileID: 0}
  m_ProbeAnchor: {fileID: 0}
  m_LightProbeVolumeOverride: {fileID: 0}
  m_ScaleInLightmap: 1
  m_PreserveUVs: 1
  m_IgnoreNormalsForChartDetection: 0
  m_ImportantGI: 0
  m_SelectedEditorRenderState: 3
  m_MinimumChartSize: 4
  m_AutoUVMaxDistance: 0.5
  m_AutoUVMaxAngle: 89
  m_LightmapParameters: {fileID: 0}
  m_SortingLayerID: 0
  m_SortingLayer: 0
  m_SortingOrder: 0
--- !u!65 &954352265
BoxCollider:
  m_ObjectHideFlags: 0
  m_PrefabParentObject: {fileID: 65517835318660160, guid: 0259f61cb02836e4fbedf96d1d5317b1,
    type: 2}
  m_PrefabInternal: {fileID: 0}
  m_GameObject: {fileID: 954352261}
  m_Material: {fileID: 0}
  m_IsTrigger: 0
  m_Enabled: 1
  serializedVersion: 2
  m_Size: {x: 1, y: 1, z: 1}
  m_Center: {x: 0, y: 0, z: 0}
--- !u!33 &954352266
MeshFilter:
  m_ObjectHideFlags: 0
  m_PrefabParentObject: {fileID: 33347854916840286, guid: 0259f61cb02836e4fbedf96d1d5317b1,
    type: 2}
  m_PrefabInternal: {fileID: 0}
  m_GameObject: {fileID: 954352261}
  m_Mesh: {fileID: 10202, guid: 0000000000000000e000000000000000, type: 0}
--- !u!1001 &1198039310
Prefab:
  m_ObjectHideFlags: 0
  serializedVersion: 2
  m_Modification:
    m_TransformParent: {fileID: 0}
    m_Modifications:
    - target: {fileID: 114303087165567730, guid: 0259f61cb02836e4fbedf96d1d5317b1,
        type: 2}
      propertyPath: nextWaypoint.Array.size
      value: 1
      objectReference: {fileID: 0}
    - target: {fileID: 4021596591699406, guid: 0259f61cb02836e4fbedf96d1d5317b1, type: 2}
      propertyPath: m_LocalPosition.x
      value: 446.8
      objectReference: {fileID: 0}
    - target: {fileID: 4021596591699406, guid: 0259f61cb02836e4fbedf96d1d5317b1, type: 2}
      propertyPath: m_LocalPosition.y
      value: 20.948544
      objectReference: {fileID: 0}
    - target: {fileID: 4021596591699406, guid: 0259f61cb02836e4fbedf96d1d5317b1, type: 2}
      propertyPath: m_LocalPosition.z
      value: 436.5433
      objectReference: {fileID: 0}
    - target: {fileID: 4021596591699406, guid: 0259f61cb02836e4fbedf96d1d5317b1, type: 2}
      propertyPath: m_LocalRotation.x
      value: 0
      objectReference: {fileID: 0}
    - target: {fileID: 4021596591699406, guid: 0259f61cb02836e4fbedf96d1d5317b1, type: 2}
      propertyPath: m_LocalRotation.y
      value: 0
      objectReference: {fileID: 0}
    - target: {fileID: 4021596591699406, guid: 0259f61cb02836e4fbedf96d1d5317b1, type: 2}
      propertyPath: m_LocalRotation.z
      value: 0
      objectReference: {fileID: 0}
    - target: {fileID: 4021596591699406, guid: 0259f61cb02836e4fbedf96d1d5317b1, type: 2}
      propertyPath: m_LocalRotation.w
      value: 1
      objectReference: {fileID: 0}
    - target: {fileID: 4021596591699406, guid: 0259f61cb02836e4fbedf96d1d5317b1, type: 2}
      propertyPath: m_RootOrder
      value: 2
      objectReference: {fileID: 0}
    - target: {fileID: 1367958895947810, guid: 0259f61cb02836e4fbedf96d1d5317b1, type: 2}
      propertyPath: m_Name
      value: EnemySpawnerGroup
      objectReference: {fileID: 0}
    - target: {fileID: 114161887281039124, guid: 0259f61cb02836e4fbedf96d1d5317b1,
        type: 2}
      propertyPath: data
      value: 
      objectReference: {fileID: 11400000, guid: 2044ef177f700a84298e78f6dffdea50,
        type: 2}
    - target: {fileID: 4698164000405108, guid: 0259f61cb02836e4fbedf96d1d5317b1, type: 2}
      propertyPath: m_LocalPosition.x
      value: 14.79
      objectReference: {fileID: 0}
    - target: {fileID: 4698164000405108, guid: 0259f61cb02836e4fbedf96d1d5317b1, type: 2}
      propertyPath: m_LocalPosition.z
      value: 9.18
      objectReference: {fileID: 0}
    - target: {fileID: 4234646135362974, guid: 0259f61cb02836e4fbedf96d1d5317b1, type: 2}
      propertyPath: m_LocalPosition.x
      value: -171.08
      objectReference: {fileID: 0}
    - target: {fileID: 4234646135362974, guid: 0259f61cb02836e4fbedf96d1d5317b1, type: 2}
      propertyPath: m_LocalPosition.z
      value: 31.14
      objectReference: {fileID: 0}
    - target: {fileID: 4234646135362974, guid: 0259f61cb02836e4fbedf96d1d5317b1, type: 2}
      propertyPath: m_LocalRotation.y
      value: 0.9985998
      objectReference: {fileID: 0}
    - target: {fileID: 4234646135362974, guid: 0259f61cb02836e4fbedf96d1d5317b1, type: 2}
      propertyPath: m_LocalRotation.w
      value: -0.052899443
      objectReference: {fileID: 0}
    - target: {fileID: 4234646135362974, guid: 0259f61cb02836e4fbedf96d1d5317b1, type: 2}
      propertyPath: m_LocalEulerAnglesHint.y
      value: 186.06499
      objectReference: {fileID: 0}
    - target: {fileID: 114303087165567730, guid: 0259f61cb02836e4fbedf96d1d5317b1,
        type: 2}
      propertyPath: nextWaypoint.Array.data[0]
      value: 
      objectReference: {fileID: 213931496}
    - target: {fileID: 114161887281039124, guid: 0259f61cb02836e4fbedf96d1d5317b1,
        type: 2}
      propertyPath: m_Enabled
      value: 1
      objectReference: {fileID: 0}
    - target: {fileID: 4698164000405108, guid: 0259f61cb02836e4fbedf96d1d5317b1, type: 2}
      propertyPath: m_LocalPosition.y
      value: 0.63
      objectReference: {fileID: 0}
    - target: {fileID: 4234646135362974, guid: 0259f61cb02836e4fbedf96d1d5317b1, type: 2}
      propertyPath: m_RootOrder
      value: 2
      objectReference: {fileID: 0}
    - target: {fileID: 4698164000405108, guid: 0259f61cb02836e4fbedf96d1d5317b1, type: 2}
      propertyPath: m_RootOrder
      value: 0
      objectReference: {fileID: 0}
    - target: {fileID: 114084757568703574, guid: 0259f61cb02836e4fbedf96d1d5317b1,
        type: 2}
      propertyPath: nextWaypoint.Array.data[0]
      value: 
      objectReference: {fileID: 1925861665}
    - target: {fileID: 114161887281039124, guid: 0259f61cb02836e4fbedf96d1d5317b1,
        type: 2}
      propertyPath: spawnSpread.x
      value: 5
      objectReference: {fileID: 0}
    - target: {fileID: 114161887281039124, guid: 0259f61cb02836e4fbedf96d1d5317b1,
        type: 2}
      propertyPath: spawnSpread.y
      value: 5
      objectReference: {fileID: 0}
    - target: {fileID: 4698164000405108, guid: 0259f61cb02836e4fbedf96d1d5317b1, type: 2}
      propertyPath: m_LocalRotation.y
      value: 0.9991917
      objectReference: {fileID: 0}
    - target: {fileID: 4698164000405108, guid: 0259f61cb02836e4fbedf96d1d5317b1, type: 2}
      propertyPath: m_LocalRotation.w
      value: -0.040200848
      objectReference: {fileID: 0}
    - target: {fileID: 4698164000405108, guid: 0259f61cb02836e4fbedf96d1d5317b1, type: 2}
      propertyPath: m_LocalEulerAnglesHint.y
      value: 184.60799
      objectReference: {fileID: 0}
    m_RemovedComponents: []
  m_ParentPrefab: {fileID: 100100000, guid: 0259f61cb02836e4fbedf96d1d5317b1, type: 2}
  m_IsPrefabParent: 0
--- !u!4 &1198039311 stripped
Transform:
  m_PrefabParentObject: {fileID: 4021596591699406, guid: 0259f61cb02836e4fbedf96d1d5317b1,
    type: 2}
  m_PrefabInternal: {fileID: 1198039310}
--- !u!1 &1241837495 stripped
GameObject:
  m_PrefabParentObject: {fileID: 1278622337279398, guid: 85b8458df3328674a9d444dbe1d74f1d,
    type: 2}
  m_PrefabInternal: {fileID: 1608917123}
--- !u!114 &1241837496
MonoBehaviour:
  m_ObjectHideFlags: 0
  m_PrefabParentObject: {fileID: 0}
  m_PrefabInternal: {fileID: 0}
  m_GameObject: {fileID: 1241837495}
  m_Enabled: 1
  m_EditorHideFlags: 0
  m_Script: {fileID: 11500000, guid: ff26db721962cdf4a8edcdfa9a767d2a, type: 3}
  m_Name: 
  m_EditorClassIdentifier: 
  profile: {fileID: 11400000, guid: 2b1da1f0af1c60940aef91f3940469b1, type: 2}
--- !u!1001 &1352958485
Prefab:
  m_ObjectHideFlags: 0
  serializedVersion: 2
  m_Modification:
    m_TransformParent: {fileID: 0}
    m_Modifications:
    - target: {fileID: 4433952041344256, guid: 70b8ab059fb087144817ad82f503b3f4, type: 2}
      propertyPath: m_LocalPosition.x
      value: 307.84
      objectReference: {fileID: 0}
    - target: {fileID: 4433952041344256, guid: 70b8ab059fb087144817ad82f503b3f4, type: 2}
      propertyPath: m_LocalPosition.y
      value: 20.879
      objectReference: {fileID: 0}
    - target: {fileID: 4433952041344256, guid: 70b8ab059fb087144817ad82f503b3f4, type: 2}
      propertyPath: m_LocalPosition.z
      value: 157.68
      objectReference: {fileID: 0}
    - target: {fileID: 4433952041344256, guid: 70b8ab059fb087144817ad82f503b3f4, type: 2}
      propertyPath: m_LocalRotation.x
      value: -0
      objectReference: {fileID: 0}
    - target: {fileID: 4433952041344256, guid: 70b8ab059fb087144817ad82f503b3f4, type: 2}
      propertyPath: m_LocalRotation.y
      value: 0.049870357
      objectReference: {fileID: 0}
    - target: {fileID: 4433952041344256, guid: 70b8ab059fb087144817ad82f503b3f4, type: 2}
      propertyPath: m_LocalRotation.z
      value: -0
      objectReference: {fileID: 0}
    - target: {fileID: 4433952041344256, guid: 70b8ab059fb087144817ad82f503b3f4, type: 2}
      propertyPath: m_LocalRotation.w
      value: 0.9987557
      objectReference: {fileID: 0}
    - target: {fileID: 4433952041344256, guid: 70b8ab059fb087144817ad82f503b3f4, type: 2}
      propertyPath: m_RootOrder
      value: 1
      objectReference: {fileID: 0}
    m_RemovedComponents: []
  m_ParentPrefab: {fileID: 100100000, guid: 70b8ab059fb087144817ad82f503b3f4, type: 2}
  m_IsPrefabParent: 0
--- !u!1001 &1388008480
Prefab:
  m_ObjectHideFlags: 0
  serializedVersion: 2
  m_Modification:
    m_TransformParent: {fileID: 0}
    m_Modifications:
    - target: {fileID: 4180872895860772, guid: b1e13c14c53f59242841a1b3ced8b3c7, type: 2}
      propertyPath: m_LocalPosition.x
      value: 407.1308
      objectReference: {fileID: 0}
    - target: {fileID: 4180872895860772, guid: b1e13c14c53f59242841a1b3ced8b3c7, type: 2}
      propertyPath: m_LocalPosition.y
      value: 35.5541
      objectReference: {fileID: 0}
    - target: {fileID: 4180872895860772, guid: b1e13c14c53f59242841a1b3ced8b3c7, type: 2}
      propertyPath: m_LocalPosition.z
      value: 453.32516
      objectReference: {fileID: 0}
    - target: {fileID: 4180872895860772, guid: b1e13c14c53f59242841a1b3ced8b3c7, type: 2}
      propertyPath: m_LocalRotation.x
      value: 0
      objectReference: {fileID: 0}
    - target: {fileID: 4180872895860772, guid: b1e13c14c53f59242841a1b3ced8b3c7, type: 2}
      propertyPath: m_LocalRotation.y
      value: 0
      objectReference: {fileID: 0}
    - target: {fileID: 4180872895860772, guid: b1e13c14c53f59242841a1b3ced8b3c7, type: 2}
      propertyPath: m_LocalRotation.z
      value: 0
      objectReference: {fileID: 0}
    - target: {fileID: 4180872895860772, guid: b1e13c14c53f59242841a1b3ced8b3c7, type: 2}
      propertyPath: m_LocalRotation.w
      value: 1
      objectReference: {fileID: 0}
    - target: {fileID: 4180872895860772, guid: b1e13c14c53f59242841a1b3ced8b3c7, type: 2}
      propertyPath: m_RootOrder
      value: 6
      objectReference: {fileID: 0}
    - target: {fileID: 114053576884806854, guid: b1e13c14c53f59242841a1b3ced8b3c7,
        type: 2}
      propertyPath: aircraftProjectile
      value: 
      objectReference: {fileID: 198775507975245438, guid: 2e8216defd80ba44493e2cbbdcf37b31,
        type: 2}
    m_RemovedComponents: []
  m_ParentPrefab: {fileID: 100100000, guid: b1e13c14c53f59242841a1b3ced8b3c7, type: 2}
  m_IsPrefabParent: 0
--- !u!1001 &1608917123
Prefab:
  m_ObjectHideFlags: 0
  serializedVersion: 2
  m_Modification:
    m_TransformParent: {fileID: 0}
    m_Modifications:
    - target: {fileID: 4805037683104130, guid: 85b8458df3328674a9d444dbe1d74f1d, type: 2}
      propertyPath: m_LocalPosition.x
      value: 307.3271
      objectReference: {fileID: 0}
    - target: {fileID: 4805037683104130, guid: 85b8458df3328674a9d444dbe1d74f1d, type: 2}
      propertyPath: m_LocalPosition.y
      value: 23.143158
      objectReference: {fileID: 0}
    - target: {fileID: 4805037683104130, guid: 85b8458df3328674a9d444dbe1d74f1d, type: 2}
      propertyPath: m_LocalPosition.z
      value: 153.73296
      objectReference: {fileID: 0}
    - target: {fileID: 4805037683104130, guid: 85b8458df3328674a9d444dbe1d74f1d, type: 2}
      propertyPath: m_LocalRotation.x
      value: -0.04273286
      objectReference: {fileID: 0}
    - target: {fileID: 4805037683104130, guid: 85b8458df3328674a9d444dbe1d74f1d, type: 2}
      propertyPath: m_LocalRotation.y
      value: -0.085868426
      objectReference: {fileID: 0}
    - target: {fileID: 4805037683104130, guid: 85b8458df3328674a9d444dbe1d74f1d, type: 2}
      propertyPath: m_LocalRotation.z
      value: 0.003685678
      objectReference: {fileID: 0}
    - target: {fileID: 4805037683104130, guid: 85b8458df3328674a9d444dbe1d74f1d, type: 2}
      propertyPath: m_LocalRotation.w
      value: -0.99538285
      objectReference: {fileID: 0}
    - target: {fileID: 4805037683104130, guid: 85b8458df3328674a9d444dbe1d74f1d, type: 2}
      propertyPath: m_RootOrder
      value: 0
      objectReference: {fileID: 0}
    - target: {fileID: 45812177591111074, guid: 85b8458df3328674a9d444dbe1d74f1d,
        type: 2}
      propertyPath: m_CustomSkybox
      value: 
      objectReference: {fileID: 2100000, guid: fe941c16d5435834592567370c06fdac, type: 2}
    m_RemovedComponents: []
  m_ParentPrefab: {fileID: 100100000, guid: 85b8458df3328674a9d444dbe1d74f1d, type: 2}
  m_IsPrefabParent: 0
--- !u!1001 &1661338846
Prefab:
  m_ObjectHideFlags: 0
  serializedVersion: 2
  m_Modification:
    m_TransformParent: {fileID: 0}
    m_Modifications:
    - target: {fileID: 224971654646173504, guid: 34073582d0294ab42a3b2c20f5b4972a,
        type: 2}
      propertyPath: m_LocalPosition.x
      value: 0
      objectReference: {fileID: 0}
    - target: {fileID: 224971654646173504, guid: 34073582d0294ab42a3b2c20f5b4972a,
        type: 2}
      propertyPath: m_LocalPosition.y
      value: 0
      objectReference: {fileID: 0}
    - target: {fileID: 224971654646173504, guid: 34073582d0294ab42a3b2c20f5b4972a,
        type: 2}
      propertyPath: m_LocalPosition.z
      value: 0
      objectReference: {fileID: 0}
    - target: {fileID: 224971654646173504, guid: 34073582d0294ab42a3b2c20f5b4972a,
        type: 2}
      propertyPath: m_LocalRotation.x
      value: 0
      objectReference: {fileID: 0}
    - target: {fileID: 224971654646173504, guid: 34073582d0294ab42a3b2c20f5b4972a,
        type: 2}
      propertyPath: m_LocalRotation.y
      value: 0
      objectReference: {fileID: 0}
    - target: {fileID: 224971654646173504, guid: 34073582d0294ab42a3b2c20f5b4972a,
        type: 2}
      propertyPath: m_LocalRotation.z
      value: 0
      objectReference: {fileID: 0}
    - target: {fileID: 224971654646173504, guid: 34073582d0294ab42a3b2c20f5b4972a,
        type: 2}
      propertyPath: m_LocalRotation.w
      value: 1
      objectReference: {fileID: 0}
    - target: {fileID: 224971654646173504, guid: 34073582d0294ab42a3b2c20f5b4972a,
        type: 2}
      propertyPath: m_RootOrder
      value: 3
      objectReference: {fileID: 0}
    - target: {fileID: 224971654646173504, guid: 34073582d0294ab42a3b2c20f5b4972a,
        type: 2}
      propertyPath: m_AnchoredPosition.x
      value: 0
      objectReference: {fileID: 0}
    - target: {fileID: 224971654646173504, guid: 34073582d0294ab42a3b2c20f5b4972a,
        type: 2}
      propertyPath: m_AnchoredPosition.y
      value: 0
      objectReference: {fileID: 0}
    - target: {fileID: 224971654646173504, guid: 34073582d0294ab42a3b2c20f5b4972a,
        type: 2}
      propertyPath: m_SizeDelta.x
      value: 0
      objectReference: {fileID: 0}
    - target: {fileID: 224971654646173504, guid: 34073582d0294ab42a3b2c20f5b4972a,
        type: 2}
      propertyPath: m_SizeDelta.y
      value: 0
      objectReference: {fileID: 0}
    - target: {fileID: 224971654646173504, guid: 34073582d0294ab42a3b2c20f5b4972a,
        type: 2}
      propertyPath: m_AnchorMin.x
      value: 0
      objectReference: {fileID: 0}
    - target: {fileID: 224971654646173504, guid: 34073582d0294ab42a3b2c20f5b4972a,
        type: 2}
      propertyPath: m_AnchorMin.y
      value: 0
      objectReference: {fileID: 0}
    - target: {fileID: 224971654646173504, guid: 34073582d0294ab42a3b2c20f5b4972a,
        type: 2}
      propertyPath: m_AnchorMax.x
      value: 0
      objectReference: {fileID: 0}
    - target: {fileID: 224971654646173504, guid: 34073582d0294ab42a3b2c20f5b4972a,
        type: 2}
      propertyPath: m_AnchorMax.y
      value: 0
      objectReference: {fileID: 0}
    - target: {fileID: 224971654646173504, guid: 34073582d0294ab42a3b2c20f5b4972a,
        type: 2}
      propertyPath: m_Pivot.x
      value: 0
      objectReference: {fileID: 0}
    - target: {fileID: 224971654646173504, guid: 34073582d0294ab42a3b2c20f5b4972a,
        type: 2}
      propertyPath: m_Pivot.y
      value: 0
      objectReference: {fileID: 0}
    - target: {fileID: 224456287709732872, guid: 34073582d0294ab42a3b2c20f5b4972a,
        type: 2}
      propertyPath: m_AnchorMax.x
      value: 1
      objectReference: {fileID: 0}
    - target: {fileID: 224456287709732872, guid: 34073582d0294ab42a3b2c20f5b4972a,
        type: 2}
      propertyPath: m_AnchorMax.y
      value: 1
      objectReference: {fileID: 0}
    - target: {fileID: 224699187043248938, guid: 34073582d0294ab42a3b2c20f5b4972a,
        type: 2}
      propertyPath: m_AnchorMin.y
      value: 1
      objectReference: {fileID: 0}
    - target: {fileID: 224699187043248938, guid: 34073582d0294ab42a3b2c20f5b4972a,
        type: 2}
      propertyPath: m_AnchorMax.y
      value: 1
      objectReference: {fileID: 0}
    - target: {fileID: 224699187043248938, guid: 34073582d0294ab42a3b2c20f5b4972a,
        type: 2}
      propertyPath: m_AnchoredPosition.x
      value: 50
      objectReference: {fileID: 0}
    - target: {fileID: 224699187043248938, guid: 34073582d0294ab42a3b2c20f5b4972a,
        type: 2}
      propertyPath: m_AnchoredPosition.y
      value: -83.5
      objectReference: {fileID: 0}
    - target: {fileID: 224699187043248938, guid: 34073582d0294ab42a3b2c20f5b4972a,
        type: 2}
      propertyPath: m_SizeDelta.x
      value: 863.6
      objectReference: {fileID: 0}
    - target: {fileID: 224699187043248938, guid: 34073582d0294ab42a3b2c20f5b4972a,
        type: 2}
      propertyPath: m_SizeDelta.y
      value: 83.5
      objectReference: {fileID: 0}
    - target: {fileID: 224164572087427494, guid: 34073582d0294ab42a3b2c20f5b4972a,
        type: 2}
      propertyPath: m_AnchorMin.y
      value: 1
      objectReference: {fileID: 0}
    - target: {fileID: 224164572087427494, guid: 34073582d0294ab42a3b2c20f5b4972a,
        type: 2}
      propertyPath: m_AnchorMax.y
      value: 1
      objectReference: {fileID: 0}
    - target: {fileID: 224164572087427494, guid: 34073582d0294ab42a3b2c20f5b4972a,
        type: 2}
      propertyPath: m_AnchoredPosition.x
      value: 50
      objectReference: {fileID: 0}
    - target: {fileID: 224164572087427494, guid: 34073582d0294ab42a3b2c20f5b4972a,
        type: 2}
      propertyPath: m_AnchoredPosition.y
      value: -182.9
      objectReference: {fileID: 0}
    - target: {fileID: 224164572087427494, guid: 34073582d0294ab42a3b2c20f5b4972a,
        type: 2}
      propertyPath: m_SizeDelta.x
      value: 863.6
      objectReference: {fileID: 0}
    - target: {fileID: 224164572087427494, guid: 34073582d0294ab42a3b2c20f5b4972a,
        type: 2}
      propertyPath: m_SizeDelta.y
      value: 83.5
      objectReference: {fileID: 0}
    - target: {fileID: 224443702547682338, guid: 34073582d0294ab42a3b2c20f5b4972a,
        type: 2}
      propertyPath: m_AnchorMin.y
      value: 1
      objectReference: {fileID: 0}
    - target: {fileID: 224443702547682338, guid: 34073582d0294ab42a3b2c20f5b4972a,
        type: 2}
      propertyPath: m_AnchorMax.y
      value: 1
      objectReference: {fileID: 0}
    - target: {fileID: 224443702547682338, guid: 34073582d0294ab42a3b2c20f5b4972a,
        type: 2}
      propertyPath: m_AnchoredPosition.x
      value: 50
      objectReference: {fileID: 0}
    - target: {fileID: 224443702547682338, guid: 34073582d0294ab42a3b2c20f5b4972a,
        type: 2}
      propertyPath: m_AnchoredPosition.y
      value: -282.3
      objectReference: {fileID: 0}
    - target: {fileID: 224443702547682338, guid: 34073582d0294ab42a3b2c20f5b4972a,
        type: 2}
      propertyPath: m_SizeDelta.x
      value: 863.6
      objectReference: {fileID: 0}
    - target: {fileID: 224443702547682338, guid: 34073582d0294ab42a3b2c20f5b4972a,
        type: 2}
      propertyPath: m_SizeDelta.y
      value: 83.5
      objectReference: {fileID: 0}
    - target: {fileID: 224169238733555100, guid: 34073582d0294ab42a3b2c20f5b4972a,
        type: 2}
      propertyPath: m_AnchorMin.y
      value: 1
      objectReference: {fileID: 0}
    - target: {fileID: 224169238733555100, guid: 34073582d0294ab42a3b2c20f5b4972a,
        type: 2}
      propertyPath: m_AnchorMax.y
      value: 1
      objectReference: {fileID: 0}
    - target: {fileID: 224169238733555100, guid: 34073582d0294ab42a3b2c20f5b4972a,
        type: 2}
      propertyPath: m_AnchoredPosition.x
      value: 50
      objectReference: {fileID: 0}
    - target: {fileID: 224169238733555100, guid: 34073582d0294ab42a3b2c20f5b4972a,
        type: 2}
      propertyPath: m_AnchoredPosition.y
      value: -381.7
      objectReference: {fileID: 0}
    - target: {fileID: 224169238733555100, guid: 34073582d0294ab42a3b2c20f5b4972a,
        type: 2}
      propertyPath: m_SizeDelta.x
      value: 863.6
      objectReference: {fileID: 0}
    - target: {fileID: 224169238733555100, guid: 34073582d0294ab42a3b2c20f5b4972a,
        type: 2}
      propertyPath: m_SizeDelta.y
      value: 83.5
      objectReference: {fileID: 0}
    - target: {fileID: 224229367709947166, guid: 34073582d0294ab42a3b2c20f5b4972a,
        type: 2}
      propertyPath: m_SizeDelta.y
      value: 0
      objectReference: {fileID: 0}
    - target: {fileID: 224061077349195696, guid: 34073582d0294ab42a3b2c20f5b4972a,
        type: 2}
      propertyPath: m_AnchorMin.y
      value: 1
      objectReference: {fileID: 0}
    - target: {fileID: 224061077349195696, guid: 34073582d0294ab42a3b2c20f5b4972a,
        type: 2}
      propertyPath: m_AnchorMax.y
      value: 1
      objectReference: {fileID: 0}
    - target: {fileID: 224061077349195696, guid: 34073582d0294ab42a3b2c20f5b4972a,
        type: 2}
      propertyPath: m_AnchoredPosition.x
      value: 134.645
      objectReference: {fileID: 0}
    - target: {fileID: 224061077349195696, guid: 34073582d0294ab42a3b2c20f5b4972a,
        type: 2}
      propertyPath: m_AnchoredPosition.y
      value: -73.8
      objectReference: {fileID: 0}
    - target: {fileID: 224061077349195696, guid: 34073582d0294ab42a3b2c20f5b4972a,
        type: 2}
      propertyPath: m_SizeDelta.x
      value: 236.8
      objectReference: {fileID: 0}
    - target: {fileID: 224061077349195696, guid: 34073582d0294ab42a3b2c20f5b4972a,
        type: 2}
      propertyPath: m_SizeDelta.y
      value: 129.6
      objectReference: {fileID: 0}
    - target: {fileID: 224321754075654376, guid: 34073582d0294ab42a3b2c20f5b4972a,
        type: 2}
      propertyPath: m_AnchorMin.y
      value: 1
      objectReference: {fileID: 0}
    - target: {fileID: 224321754075654376, guid: 34073582d0294ab42a3b2c20f5b4972a,
        type: 2}
      propertyPath: m_AnchorMax.y
      value: 1
      objectReference: {fileID: 0}
    - target: {fileID: 224321754075654376, guid: 34073582d0294ab42a3b2c20f5b4972a,
        type: 2}
      propertyPath: m_AnchoredPosition.x
      value: 134.645
      objectReference: {fileID: 0}
    - target: {fileID: 224321754075654376, guid: 34073582d0294ab42a3b2c20f5b4972a,
        type: 2}
      propertyPath: m_AnchoredPosition.y
      value: -206.00002
      objectReference: {fileID: 0}
    - target: {fileID: 224321754075654376, guid: 34073582d0294ab42a3b2c20f5b4972a,
        type: 2}
      propertyPath: m_SizeDelta.x
      value: 236.8
      objectReference: {fileID: 0}
    - target: {fileID: 224321754075654376, guid: 34073582d0294ab42a3b2c20f5b4972a,
        type: 2}
      propertyPath: m_SizeDelta.y
      value: 129.6
      objectReference: {fileID: 0}
    - target: {fileID: 224634256214291198, guid: 34073582d0294ab42a3b2c20f5b4972a,
        type: 2}
      propertyPath: m_AnchorMin.y
      value: 1
      objectReference: {fileID: 0}
    - target: {fileID: 224634256214291198, guid: 34073582d0294ab42a3b2c20f5b4972a,
        type: 2}
      propertyPath: m_AnchorMax.y
      value: 1
      objectReference: {fileID: 0}
    - target: {fileID: 224634256214291198, guid: 34073582d0294ab42a3b2c20f5b4972a,
        type: 2}
      propertyPath: m_AnchoredPosition.x
      value: 134.645
      objectReference: {fileID: 0}
    - target: {fileID: 224634256214291198, guid: 34073582d0294ab42a3b2c20f5b4972a,
        type: 2}
      propertyPath: m_AnchoredPosition.y
      value: -338.2
      objectReference: {fileID: 0}
    - target: {fileID: 224634256214291198, guid: 34073582d0294ab42a3b2c20f5b4972a,
        type: 2}
      propertyPath: m_SizeDelta.x
      value: 236.8
      objectReference: {fileID: 0}
    - target: {fileID: 224634256214291198, guid: 34073582d0294ab42a3b2c20f5b4972a,
        type: 2}
      propertyPath: m_SizeDelta.y
      value: 129.6
      objectReference: {fileID: 0}
    m_RemovedComponents: []
  m_ParentPrefab: {fileID: 100100000, guid: 34073582d0294ab42a3b2c20f5b4972a, type: 2}
  m_IsPrefabParent: 0
--- !u!1 &1787741006
GameObject:
  m_ObjectHideFlags: 0
  m_PrefabParentObject: {fileID: 1370249295818818, guid: 0259f61cb02836e4fbedf96d1d5317b1,
    type: 2}
  m_PrefabInternal: {fileID: 0}
  serializedVersion: 5
  m_Component:
  - component: {fileID: 1787741007}
  - component: {fileID: 1787741011}
  - component: {fileID: 1787741010}
  - component: {fileID: 1787741009}
  - component: {fileID: 1787741008}
  m_Layer: 1
  m_Name: Enemy Spawnpoint (6)
  m_TagString: Untagged
  m_Icon: {fileID: 0}
  m_NavMeshLayer: 0
  m_StaticEditorFlags: 0
  m_IsActive: 1
--- !u!4 &1787741007
Transform:
  m_ObjectHideFlags: 0
  m_PrefabParentObject: {fileID: 4234646135362974, guid: 0259f61cb02836e4fbedf96d1d5317b1,
    type: 2}
  m_PrefabInternal: {fileID: 0}
  m_GameObject: {fileID: 1787741006}
  m_LocalRotation: {x: -0, y: 0.533789, z: -0, w: 0.8456178}
  m_LocalPosition: {x: -94.7, y: 0.10000038, z: -167.6}
  m_LocalScale: {x: 1.0000002, y: 1, z: 1.0000002}
  m_Children: []
  m_Father: {fileID: 1198039311}
  m_RootOrder: 8
  m_LocalEulerAnglesHint: {x: 0, y: 64.524, z: 0}
--- !u!114 &1787741008
MonoBehaviour:
  m_ObjectHideFlags: 0
  m_PrefabParentObject: {fileID: 114303087165567730, guid: 0259f61cb02836e4fbedf96d1d5317b1,
    type: 2}
  m_PrefabInternal: {fileID: 0}
  m_GameObject: {fileID: 1787741006}
  m_Enabled: 1
  m_EditorHideFlags: 0
  m_Script: {fileID: 11500000, guid: 5bbf51954c93ec444ac2b2dd1b00491d, type: 3}
  m_Name: 
  m_EditorClassIdentifier: 
  nextWaypoint: []
  previousWaypoint: []
--- !u!23 &1787741009
MeshRenderer:
  m_ObjectHideFlags: 0
  m_PrefabParentObject: {fileID: 23722509815950062, guid: 0259f61cb02836e4fbedf96d1d5317b1,
    type: 2}
  m_PrefabInternal: {fileID: 0}
  m_GameObject: {fileID: 1787741006}
  m_Enabled: 1
  m_CastShadows: 1
  m_ReceiveShadows: 1
  m_MotionVectors: 1
  m_LightProbeUsage: 1
  m_ReflectionProbeUsage: 1
  m_Materials:
  - {fileID: 2100000, guid: c8cb0324216cd1248ae1a1df4b73f948, type: 2}
  m_StaticBatchInfo:
    firstSubMesh: 0
    subMeshCount: 0
  m_StaticBatchRoot: {fileID: 0}
  m_ProbeAnchor: {fileID: 0}
  m_LightProbeVolumeOverride: {fileID: 0}
  m_ScaleInLightmap: 1
  m_PreserveUVs: 1
  m_IgnoreNormalsForChartDetection: 0
  m_ImportantGI: 0
  m_SelectedEditorRenderState: 3
  m_MinimumChartSize: 4
  m_AutoUVMaxDistance: 0.5
  m_AutoUVMaxAngle: 89
  m_LightmapParameters: {fileID: 0}
  m_SortingLayerID: 0
  m_SortingLayer: 0
  m_SortingOrder: 0
--- !u!65 &1787741010
BoxCollider:
  m_ObjectHideFlags: 0
  m_PrefabParentObject: {fileID: 65517835318660160, guid: 0259f61cb02836e4fbedf96d1d5317b1,
    type: 2}
  m_PrefabInternal: {fileID: 0}
  m_GameObject: {fileID: 1787741006}
  m_Material: {fileID: 0}
  m_IsTrigger: 0
  m_Enabled: 1
  serializedVersion: 2
  m_Size: {x: 1, y: 1, z: 1}
  m_Center: {x: 0, y: 0, z: 0}
--- !u!33 &1787741011
MeshFilter:
  m_ObjectHideFlags: 0
  m_PrefabParentObject: {fileID: 33347854916840286, guid: 0259f61cb02836e4fbedf96d1d5317b1,
    type: 2}
  m_PrefabInternal: {fileID: 0}
  m_GameObject: {fileID: 1787741006}
  m_Mesh: {fileID: 10202, guid: 0000000000000000e000000000000000, type: 0}
--- !u!1 &1925861664
GameObject:
  m_ObjectHideFlags: 0
  m_PrefabParentObject: {fileID: 1753217550026484, guid: 0259f61cb02836e4fbedf96d1d5317b1,
    type: 2}
  m_PrefabInternal: {fileID: 0}
  serializedVersion: 5
  m_Component:
  - component: {fileID: 1925861665}
  - component: {fileID: 1925861669}
  - component: {fileID: 1925861668}
  - component: {fileID: 1925861667}
  - component: {fileID: 1925861666}
  m_Layer: 1
  m_Name: Enemy Spawnpoint (7)
  m_TagString: Untagged
  m_Icon: {fileID: 0}
  m_NavMeshLayer: 0
  m_StaticEditorFlags: 0
  m_IsActive: 1
--- !u!4 &1925861665
Transform:
  m_ObjectHideFlags: 0
  m_PrefabParentObject: {fileID: 4698164000405108, guid: 0259f61cb02836e4fbedf96d1d5317b1,
    type: 2}
  m_PrefabInternal: {fileID: 0}
  m_GameObject: {fileID: 1925861664}
  m_LocalRotation: {x: -0, y: 0.4064841, z: -0, w: 0.91365784}
  m_LocalPosition: {x: 23.399994, y: 0.62999916, z: -17.600006}
  m_LocalScale: {x: 1, y: 1, z: 1}
  m_Children: []
  m_Father: {fileID: 1198039311}
  m_RootOrder: 1
  m_LocalEulerAnglesHint: {x: 0, y: 47.968002, z: 0}
--- !u!114 &1925861666
MonoBehaviour:
  m_ObjectHideFlags: 0
  m_PrefabParentObject: {fileID: 114084757568703574, guid: 0259f61cb02836e4fbedf96d1d5317b1,
    type: 2}
  m_PrefabInternal: {fileID: 0}
  m_GameObject: {fileID: 1925861664}
  m_Enabled: 1
  m_EditorHideFlags: 0
  m_Script: {fileID: 11500000, guid: 5bbf51954c93ec444ac2b2dd1b00491d, type: 3}
  m_Name: 
  m_EditorClassIdentifier: 
  nextWaypoint:
  - {fileID: 1999562000}
  - {fileID: 219775617}
  previousWaypoint: []
--- !u!23 &1925861667
MeshRenderer:
  m_ObjectHideFlags: 0
  m_PrefabParentObject: {fileID: 23297390475943916, guid: 0259f61cb02836e4fbedf96d1d5317b1,
    type: 2}
  m_PrefabInternal: {fileID: 0}
  m_GameObject: {fileID: 1925861664}
  m_Enabled: 1
  m_CastShadows: 1
  m_ReceiveShadows: 1
  m_MotionVectors: 1
  m_LightProbeUsage: 1
  m_ReflectionProbeUsage: 1
  m_Materials:
  - {fileID: 2100000, guid: c8cb0324216cd1248ae1a1df4b73f948, type: 2}
  m_StaticBatchInfo:
    firstSubMesh: 0
    subMeshCount: 0
  m_StaticBatchRoot: {fileID: 0}
  m_ProbeAnchor: {fileID: 0}
  m_LightProbeVolumeOverride: {fileID: 0}
  m_ScaleInLightmap: 1
  m_PreserveUVs: 1
  m_IgnoreNormalsForChartDetection: 0
  m_ImportantGI: 0
  m_SelectedEditorRenderState: 3
  m_MinimumChartSize: 4
  m_AutoUVMaxDistance: 0.5
  m_AutoUVMaxAngle: 89
  m_LightmapParameters: {fileID: 0}
  m_SortingLayerID: 0
  m_SortingLayer: 0
  m_SortingOrder: 0
--- !u!65 &1925861668
BoxCollider:
  m_ObjectHideFlags: 0
  m_PrefabParentObject: {fileID: 65386842503620734, guid: 0259f61cb02836e4fbedf96d1d5317b1,
    type: 2}
  m_PrefabInternal: {fileID: 0}
  m_GameObject: {fileID: 1925861664}
  m_Material: {fileID: 0}
  m_IsTrigger: 0
  m_Enabled: 1
  serializedVersion: 2
  m_Size: {x: 1, y: 1, z: 1}
  m_Center: {x: 0, y: 0, z: 0}
--- !u!33 &1925861669
MeshFilter:
  m_ObjectHideFlags: 0
  m_PrefabParentObject: {fileID: 33710516849786568, guid: 0259f61cb02836e4fbedf96d1d5317b1,
    type: 2}
  m_PrefabInternal: {fileID: 0}
  m_GameObject: {fileID: 1925861664}
  m_Mesh: {fileID: 10202, guid: 0000000000000000e000000000000000, type: 0}
--- !u!1 &1963883893
GameObject:
  m_ObjectHideFlags: 0
  m_PrefabParentObject: {fileID: 0}
  m_PrefabInternal: {fileID: 0}
  serializedVersion: 5
  m_Component:
  - component: {fileID: 1963883895}
  - component: {fileID: 1963883894}
  m_Layer: 0
  m_Name: Directional Light
  m_TagString: Untagged
  m_Icon: {fileID: 0}
  m_NavMeshLayer: 0
  m_StaticEditorFlags: 0
  m_IsActive: 1
--- !u!108 &1963883894
Light:
  m_ObjectHideFlags: 0
  m_PrefabParentObject: {fileID: 0}
  m_PrefabInternal: {fileID: 0}
  m_GameObject: {fileID: 1963883893}
  m_Enabled: 1
  serializedVersion: 8
  m_Type: 1
  m_Color: {r: 1, g: 0.88808393, b: 0.6691176, a: 1}
  m_Intensity: 2
  m_Range: 10
  m_SpotAngle: 30
  m_CookieSize: 10
  m_Shadows:
    m_Type: 1
    m_Resolution: -1
    m_CustomResolution: -1
    m_Strength: 1
    m_Bias: 0.05
    m_NormalBias: 0.4
    m_NearPlane: 0.2
  m_Cookie: {fileID: 0}
  m_DrawHalo: 1
  m_Flare: {fileID: 0}
  m_RenderMode: 0
  m_CullingMask:
    serializedVersion: 2
    m_Bits: 4294967295
  m_Lightmapping: 1
  m_AreaSize: {x: 1, y: 1}
  m_BounceIntensity: 1
  m_ColorTemperature: 6570
  m_UseColorTemperature: 0
  m_ShadowRadius: 0
  m_ShadowAngle: 0
--- !u!4 &1963883895
Transform:
  m_ObjectHideFlags: 0
  m_PrefabParentObject: {fileID: 0}
  m_PrefabInternal: {fileID: 0}
  m_GameObject: {fileID: 1963883893}
  m_LocalRotation: {x: -0.056386717, y: 0.8982052, z: -0.41883862, w: -0.12092213}
  m_LocalPosition: {x: 0, y: 3, z: 0}
  m_LocalScale: {x: 1, y: 1, z: 1}
  m_Children: []
  m_Father: {fileID: 0}
  m_RootOrder: 8
  m_LocalEulerAnglesHint: {x: 50.000004, y: 195.33499, z: 0}
--- !u!1 &1966289525
GameObject:
  m_ObjectHideFlags: 0
  m_PrefabParentObject: {fileID: 1753217550026484, guid: 0259f61cb02836e4fbedf96d1d5317b1,
    type: 2}
  m_PrefabInternal: {fileID: 0}
  serializedVersion: 5
  m_Component:
  - component: {fileID: 1966289526}
  - component: {fileID: 1966289530}
  - component: {fileID: 1966289529}
  - component: {fileID: 1966289528}
  - component: {fileID: 1966289527}
  m_Layer: 1
  m_Name: Enemy Spawnpoint (11)
  m_TagString: Untagged
  m_Icon: {fileID: 0}
  m_NavMeshLayer: 0
  m_StaticEditorFlags: 0
  m_IsActive: 1
--- !u!4 &1966289526
Transform:
  m_ObjectHideFlags: 0
  m_PrefabParentObject: {fileID: 4698164000405108, guid: 0259f61cb02836e4fbedf96d1d5317b1,
    type: 2}
  m_PrefabInternal: {fileID: 0}
  m_GameObject: {fileID: 1966289525}
  m_LocalRotation: {x: -0, y: 0.4064841, z: -0, w: 0.91365784}
  m_LocalPosition: {x: -38.4, y: -1.3, z: -174.6}
  m_LocalScale: {x: 1, y: 1, z: 1}
  m_Children: []
  m_Father: {fileID: 1198039311}
  m_RootOrder: 12
  m_LocalEulerAnglesHint: {x: 0, y: 47.968002, z: 0}
--- !u!114 &1966289527
MonoBehaviour:
  m_ObjectHideFlags: 0
  m_PrefabParentObject: {fileID: 114084757568703574, guid: 0259f61cb02836e4fbedf96d1d5317b1,
    type: 2}
  m_PrefabInternal: {fileID: 0}
  m_GameObject: {fileID: 1966289525}
  m_Enabled: 1
  m_EditorHideFlags: 0
  m_Script: {fileID: 11500000, guid: 5bbf51954c93ec444ac2b2dd1b00491d, type: 3}
  m_Name: 
  m_EditorClassIdentifier: 
  nextWaypoint: []
  previousWaypoint: []
--- !u!23 &1966289528
MeshRenderer:
  m_ObjectHideFlags: 0
  m_PrefabParentObject: {fileID: 23297390475943916, guid: 0259f61cb02836e4fbedf96d1d5317b1,
    type: 2}
  m_PrefabInternal: {fileID: 0}
  m_GameObject: {fileID: 1966289525}
  m_Enabled: 1
  m_CastShadows: 1
  m_ReceiveShadows: 1
  m_MotionVectors: 1
  m_LightProbeUsage: 1
  m_ReflectionProbeUsage: 1
  m_Materials:
  - {fileID: 2100000, guid: c8cb0324216cd1248ae1a1df4b73f948, type: 2}
  m_StaticBatchInfo:
    firstSubMesh: 0
    subMeshCount: 0
  m_StaticBatchRoot: {fileID: 0}
  m_ProbeAnchor: {fileID: 0}
  m_LightProbeVolumeOverride: {fileID: 0}
  m_ScaleInLightmap: 1
  m_PreserveUVs: 1
  m_IgnoreNormalsForChartDetection: 0
  m_ImportantGI: 0
  m_SelectedEditorRenderState: 3
  m_MinimumChartSize: 4
  m_AutoUVMaxDistance: 0.5
  m_AutoUVMaxAngle: 89
  m_LightmapParameters: {fileID: 0}
  m_SortingLayerID: 0
  m_SortingLayer: 0
  m_SortingOrder: 0
--- !u!65 &1966289529
BoxCollider:
  m_ObjectHideFlags: 0
  m_PrefabParentObject: {fileID: 65386842503620734, guid: 0259f61cb02836e4fbedf96d1d5317b1,
    type: 2}
  m_PrefabInternal: {fileID: 0}
  m_GameObject: {fileID: 1966289525}
  m_Material: {fileID: 0}
  m_IsTrigger: 0
  m_Enabled: 1
  serializedVersion: 2
  m_Size: {x: 1, y: 1, z: 1}
  m_Center: {x: 0, y: 0, z: 0}
--- !u!33 &1966289530
MeshFilter:
  m_ObjectHideFlags: 0
  m_PrefabParentObject: {fileID: 33710516849786568, guid: 0259f61cb02836e4fbedf96d1d5317b1,
    type: 2}
  m_PrefabInternal: {fileID: 0}
  m_GameObject: {fileID: 1966289525}
  m_Mesh: {fileID: 10202, guid: 0000000000000000e000000000000000, type: 0}
--- !u!1 &1999561999
GameObject:
  m_ObjectHideFlags: 0
  m_PrefabParentObject: {fileID: 1753217550026484, guid: 0259f61cb02836e4fbedf96d1d5317b1,
    type: 2}
  m_PrefabInternal: {fileID: 0}
  serializedVersion: 5
  m_Component:
  - component: {fileID: 1999562000}
  - component: {fileID: 1999562004}
  - component: {fileID: 1999562003}
  - component: {fileID: 1999562002}
  - component: {fileID: 1999562001}
  m_Layer: 1
  m_Name: Enemy Spawnpoint (8)
  m_TagString: Untagged
  m_Icon: {fileID: 0}
  m_NavMeshLayer: 0
  m_StaticEditorFlags: 0
  m_IsActive: 1
--- !u!4 &1999562000
Transform:
  m_ObjectHideFlags: 0
  m_PrefabParentObject: {fileID: 4698164000405108, guid: 0259f61cb02836e4fbedf96d1d5317b1,
    type: 2}
  m_PrefabInternal: {fileID: 0}
  m_GameObject: {fileID: 1999561999}
  m_LocalRotation: {x: -0, y: 0.4064841, z: -0, w: 0.91365784}
  m_LocalPosition: {x: -31.1, y: 0.62999916, z: -36.5}
  m_LocalScale: {x: 1, y: 1, z: 1}
  m_Children: []
  m_Father: {fileID: 1198039311}
  m_RootOrder: 9
  m_LocalEulerAnglesHint: {x: 0, y: 47.968002, z: 0}
--- !u!114 &1999562001
MonoBehaviour:
  m_ObjectHideFlags: 0
  m_PrefabParentObject: {fileID: 114084757568703574, guid: 0259f61cb02836e4fbedf96d1d5317b1,
    type: 2}
  m_PrefabInternal: {fileID: 0}
  m_GameObject: {fileID: 1999561999}
  m_Enabled: 1
  m_EditorHideFlags: 0
  m_Script: {fileID: 11500000, guid: 5bbf51954c93ec444ac2b2dd1b00491d, type: 3}
  m_Name: 
  m_EditorClassIdentifier: 
  nextWaypoint:
  - {fileID: 377126415}
  previousWaypoint: []
--- !u!23 &1999562002
MeshRenderer:
  m_ObjectHideFlags: 0
  m_PrefabParentObject: {fileID: 23297390475943916, guid: 0259f61cb02836e4fbedf96d1d5317b1,
    type: 2}
  m_PrefabInternal: {fileID: 0}
  m_GameObject: {fileID: 1999561999}
  m_Enabled: 1
  m_CastShadows: 1
  m_ReceiveShadows: 1
  m_MotionVectors: 1
  m_LightProbeUsage: 1
  m_ReflectionProbeUsage: 1
  m_Materials:
  - {fileID: 2100000, guid: c8cb0324216cd1248ae1a1df4b73f948, type: 2}
  m_StaticBatchInfo:
    firstSubMesh: 0
    subMeshCount: 0
  m_StaticBatchRoot: {fileID: 0}
  m_ProbeAnchor: {fileID: 0}
  m_LightProbeVolumeOverride: {fileID: 0}
  m_ScaleInLightmap: 1
  m_PreserveUVs: 1
  m_IgnoreNormalsForChartDetection: 0
  m_ImportantGI: 0
  m_SelectedEditorRenderState: 3
  m_MinimumChartSize: 4
  m_AutoUVMaxDistance: 0.5
  m_AutoUVMaxAngle: 89
  m_LightmapParameters: {fileID: 0}
  m_SortingLayerID: 0
  m_SortingLayer: 0
  m_SortingOrder: 0
--- !u!65 &1999562003
BoxCollider:
  m_ObjectHideFlags: 0
  m_PrefabParentObject: {fileID: 65386842503620734, guid: 0259f61cb02836e4fbedf96d1d5317b1,
    type: 2}
  m_PrefabInternal: {fileID: 0}
  m_GameObject: {fileID: 1999561999}
  m_Material: {fileID: 0}
  m_IsTrigger: 0
  m_Enabled: 1
  serializedVersion: 2
  m_Size: {x: 1, y: 1, z: 1}
  m_Center: {x: 0, y: 0, z: 0}
--- !u!33 &1999562004
MeshFilter:
  m_ObjectHideFlags: 0
  m_PrefabParentObject: {fileID: 33710516849786568, guid: 0259f61cb02836e4fbedf96d1d5317b1,
    type: 2}
  m_PrefabInternal: {fileID: 0}
  m_GameObject: {fileID: 1999561999}
  m_Mesh: {fileID: 10202, guid: 0000000000000000e000000000000000, type: 0}
--- !u!1 &2108543385
GameObject:
  m_ObjectHideFlags: 0
  m_PrefabParentObject: {fileID: 1370249295818818, guid: 0259f61cb02836e4fbedf96d1d5317b1,
    type: 2}
  m_PrefabInternal: {fileID: 0}
  serializedVersion: 5
  m_Component:
  - component: {fileID: 2108543386}
  - component: {fileID: 2108543390}
  - component: {fileID: 2108543389}
  - component: {fileID: 2108543388}
  - component: {fileID: 2108543387}
  m_Layer: 1
  m_Name: Enemy Spawnpoint (3)
  m_TagString: Untagged
  m_Icon: {fileID: 0}
  m_NavMeshLayer: 0
  m_StaticEditorFlags: 0
  m_IsActive: 1
--- !u!4 &2108543386
Transform:
  m_ObjectHideFlags: 0
  m_PrefabParentObject: {fileID: 4234646135362974, guid: 0259f61cb02836e4fbedf96d1d5317b1,
    type: 2}
  m_PrefabInternal: {fileID: 0}
  m_GameObject: {fileID: 2108543385}
  m_LocalRotation: {x: -0, y: 0.533789, z: -0, w: 0.8456178}
  m_LocalPosition: {x: -238.46, y: 0.10000038, z: -58.9}
  m_LocalScale: {x: 1.0000002, y: 1, z: 1.0000002}
  m_Children: []
  m_Father: {fileID: 1198039311}
  m_RootOrder: 5
  m_LocalEulerAnglesHint: {x: 0, y: 64.524, z: 0}
--- !u!114 &2108543387
MonoBehaviour:
  m_ObjectHideFlags: 0
  m_PrefabParentObject: {fileID: 114303087165567730, guid: 0259f61cb02836e4fbedf96d1d5317b1,
    type: 2}
  m_PrefabInternal: {fileID: 0}
  m_GameObject: {fileID: 2108543385}
  m_Enabled: 1
  m_EditorHideFlags: 0
  m_Script: {fileID: 11500000, guid: 5bbf51954c93ec444ac2b2dd1b00491d, type: 3}
  m_Name: 
  m_EditorClassIdentifier: 
  nextWaypoint:
  - {fileID: 954352262}
  previousWaypoint: []
--- !u!23 &2108543388
MeshRenderer:
  m_ObjectHideFlags: 0
  m_PrefabParentObject: {fileID: 23722509815950062, guid: 0259f61cb02836e4fbedf96d1d5317b1,
    type: 2}
  m_PrefabInternal: {fileID: 0}
  m_GameObject: {fileID: 2108543385}
  m_Enabled: 1
  m_CastShadows: 1
  m_ReceiveShadows: 1
  m_MotionVectors: 1
  m_LightProbeUsage: 1
  m_ReflectionProbeUsage: 1
  m_Materials:
  - {fileID: 2100000, guid: c8cb0324216cd1248ae1a1df4b73f948, type: 2}
  m_StaticBatchInfo:
    firstSubMesh: 0
    subMeshCount: 0
  m_StaticBatchRoot: {fileID: 0}
  m_ProbeAnchor: {fileID: 0}
  m_LightProbeVolumeOverride: {fileID: 0}
  m_ScaleInLightmap: 1
  m_PreserveUVs: 1
  m_IgnoreNormalsForChartDetection: 0
  m_ImportantGI: 0
  m_SelectedEditorRenderState: 3
  m_MinimumChartSize: 4
  m_AutoUVMaxDistance: 0.5
  m_AutoUVMaxAngle: 89
  m_LightmapParameters: {fileID: 0}
  m_SortingLayerID: 0
  m_SortingLayer: 0
  m_SortingOrder: 0
--- !u!65 &2108543389
BoxCollider:
  m_ObjectHideFlags: 0
  m_PrefabParentObject: {fileID: 65517835318660160, guid: 0259f61cb02836e4fbedf96d1d5317b1,
    type: 2}
  m_PrefabInternal: {fileID: 0}
  m_GameObject: {fileID: 2108543385}
  m_Material: {fileID: 0}
  m_IsTrigger: 0
  m_Enabled: 1
  serializedVersion: 2
  m_Size: {x: 1, y: 1, z: 1}
  m_Center: {x: 0, y: 0, z: 0}
--- !u!33 &2108543390
MeshFilter:
  m_ObjectHideFlags: 0
  m_PrefabParentObject: {fileID: 33347854916840286, guid: 0259f61cb02836e4fbedf96d1d5317b1,
    type: 2}
  m_PrefabInternal: {fileID: 0}
  m_GameObject: {fileID: 2108543385}
  m_Mesh: {fileID: 10202, guid: 0000000000000000e000000000000000, type: 0}
--- !u!1 &2117043722
GameObject:
  m_ObjectHideFlags: 0
  m_PrefabParentObject: {fileID: 1753217550026484, guid: 0259f61cb02836e4fbedf96d1d5317b1,
    type: 2}
  m_PrefabInternal: {fileID: 0}
  serializedVersion: 5
  m_Component:
  - component: {fileID: 2117043723}
  - component: {fileID: 2117043727}
  - component: {fileID: 2117043726}
  - component: {fileID: 2117043725}
  - component: {fileID: 2117043724}
  m_Layer: 1
  m_Name: Enemy Spawnpoint (13)
  m_TagString: Untagged
  m_Icon: {fileID: 0}
  m_NavMeshLayer: 0
  m_StaticEditorFlags: 0
  m_IsActive: 1
--- !u!4 &2117043723
Transform:
  m_ObjectHideFlags: 0
  m_PrefabParentObject: {fileID: 4698164000405108, guid: 0259f61cb02836e4fbedf96d1d5317b1,
    type: 2}
  m_PrefabInternal: {fileID: 0}
  m_GameObject: {fileID: 2117043722}
  m_LocalRotation: {x: -0, y: 0.4064841, z: -0, w: 0.91365784}
  m_LocalPosition: {x: 6.6, y: 0.62999916, z: -175.55}
  m_LocalScale: {x: 1, y: 1, z: 1}
  m_Children: []
  m_Father: {fileID: 1198039311}
  m_RootOrder: 14
  m_LocalEulerAnglesHint: {x: 0, y: 47.968002, z: 0}
--- !u!114 &2117043724
MonoBehaviour:
  m_ObjectHideFlags: 0
  m_PrefabParentObject: {fileID: 114084757568703574, guid: 0259f61cb02836e4fbedf96d1d5317b1,
    type: 2}
  m_PrefabInternal: {fileID: 0}
  m_GameObject: {fileID: 2117043722}
  m_Enabled: 1
  m_EditorHideFlags: 0
  m_Script: {fileID: 11500000, guid: 5bbf51954c93ec444ac2b2dd1b00491d, type: 3}
  m_Name: 
  m_EditorClassIdentifier: 
  nextWaypoint: []
  previousWaypoint: []
--- !u!23 &2117043725
MeshRenderer:
  m_ObjectHideFlags: 0
  m_PrefabParentObject: {fileID: 23297390475943916, guid: 0259f61cb02836e4fbedf96d1d5317b1,
    type: 2}
  m_PrefabInternal: {fileID: 0}
  m_GameObject: {fileID: 2117043722}
  m_Enabled: 1
  m_CastShadows: 1
  m_ReceiveShadows: 1
  m_MotionVectors: 1
  m_LightProbeUsage: 1
  m_ReflectionProbeUsage: 1
  m_Materials:
  - {fileID: 2100000, guid: c8cb0324216cd1248ae1a1df4b73f948, type: 2}
  m_StaticBatchInfo:
    firstSubMesh: 0
    subMeshCount: 0
  m_StaticBatchRoot: {fileID: 0}
  m_ProbeAnchor: {fileID: 0}
  m_LightProbeVolumeOverride: {fileID: 0}
  m_ScaleInLightmap: 1
  m_PreserveUVs: 1
  m_IgnoreNormalsForChartDetection: 0
  m_ImportantGI: 0
  m_SelectedEditorRenderState: 3
  m_MinimumChartSize: 4
  m_AutoUVMaxDistance: 0.5
  m_AutoUVMaxAngle: 89
  m_LightmapParameters: {fileID: 0}
  m_SortingLayerID: 0
  m_SortingLayer: 0
  m_SortingOrder: 0
--- !u!65 &2117043726
BoxCollider:
  m_ObjectHideFlags: 0
  m_PrefabParentObject: {fileID: 65386842503620734, guid: 0259f61cb02836e4fbedf96d1d5317b1,
    type: 2}
  m_PrefabInternal: {fileID: 0}
  m_GameObject: {fileID: 2117043722}
  m_Material: {fileID: 0}
  m_IsTrigger: 0
  m_Enabled: 1
  serializedVersion: 2
  m_Size: {x: 1, y: 1, z: 1}
  m_Center: {x: 0, y: 0, z: 0}
--- !u!33 &2117043727
MeshFilter:
  m_ObjectHideFlags: 0
  m_PrefabParentObject: {fileID: 33710516849786568, guid: 0259f61cb02836e4fbedf96d1d5317b1,
    type: 2}
  m_PrefabInternal: {fileID: 0}
  m_GameObject: {fileID: 2117043722}
  m_Mesh: {fileID: 10202, guid: 0000000000000000e000000000000000, type: 0}
